2242 3496
394 191 509 224 XXIV
1105 184 1388 219 PRAEFATIO.

392 297 455 338 ita
474 298 665 352 proxime
688 296 916 338 accedebat
931 294 981 334 ad
998 293 1092 334 HD.
1138 307 1221 346 quo
1242 292 1406 334 factum
1425 295 1473 333 ut
1493 291 1827 335 Cratandrinum
1848 295 2091 349 exemplum

393 371 435 409 et
474 369 516 409 in
555 369 648 422 ipso
693 366 920 407 verborum
966 366 1169 405 contextu
1209 366 1251 405 et
1290 363 1334 404 in
1371 362 1565 418 margine
1611 365 1748 405 multa
1790 365 1948 406 habeat
1986 381 2010 406 a
2047 365 2092 406 M

393 438 681 492 discrepantia
715 450 820 489 quae
853 434 936 475 HD
971 434 1191 475 codicibus
1225 433 1310 474 iam
1344 436 1445 474 sunt
1477 434 1668 486 firmata,
1708 434 1795 475 sive
1828 435 1992 477 lacunis
2026 451 2092 477 ex-

391 507 520 563 pletis
553 506 689 563 (velut
721 505 801 558 IX,
832 505 901 559 15,
933 506 973 558 l,
1010 503 1067 558 X,
1094 505 1169 559 23,
1195 505 1240 559 53
1278 503 1378 557 XII,
1409 505 1478 555 14,
1507 504 1551 558 33
1589 504 1683 559 XV,
1710 506 1754 558 2,
1781 503 1827 562 5)
1867 506 1954 547 sive
1993 521 2093 547 vera

394 582 564 620 servata
597 578 821 630 scriptura.
880 575 1008 616 simul
1040 578 1185 616 tamen
1224 589 1349 615 nemo
1389 577 1535 628 potest
1572 589 1658 616 non
1696 575 1838 617 videre
1877 591 1964 618 non
2001 592 2093 631 per-

393 652 568 703 petuam
600 648 719 688 illam
753 646 960 687 virtutem
993 660 1084 687 esse
1118 648 1192 686 aut
1229 645 1463 698 illibatam,
1504 645 1576 686 sed
1615 646 1777 686 variam
1809 649 1853 687 et
1884 647 2094 689 adultera-

393 723 497 760 tam:
542 719 654 759 haud
698 732 854 771 parvus
897 717 1010 758 enim
1051 719 1116 758 est
1155 731 1303 758 eorum
1349 716 1543 757 locorum
1580 731 1783 758 numerus
1822 717 1896 758 ubi
1934 718 2093 759 vitiosa

391 790 478 831 sive
512 803 664 830 manca
697 787 877 829 Medicei
909 787 1022 842 libri,
1054 802 1141 829 non
1173 786 1400 828 emendata
1428 785 1511 827 HD
1545 786 1772 841 scriptura,
1805 792 2094 842 repraesente-

391 864 461 901 tur
493 875 517 900 a
550 858 807 912 Cratandro,
841 858 958 899 velut
985 858 1042 910 X,
1073 859 1142 912 18,
1170 858 1213 912 23
1245 857 1325 912 XI,
1355 858 1425 911 13,
1456 858 1475 898 1
1512 858 1563 899 al.
1622 873 1750 912 quam
1784 859 1838 900 ob
1872 874 1962 900 rem
1997 873 2092 900 cum

389 930 599 972 curiosius
632 930 677 970 in
709 928 892 983 exempli
925 929 1041 970 illius
1075 928 1266 970 rationes
1299 928 1562 982 inquirerem
1601 929 1749 970 ascitis
1789 933 1832 970 et
1872 930 2090 972 codicibus

389 1001 555 1054 aliquot
586 1000 768 1042 novellis
803 1002 845 1041 et
872 999 1135 1040 editionibus
1162 998 1487 1052 vetustioribus,
1520 1013 1620 1040 mox
1646 999 1840 1041 intellexi
1867 998 2095 1043 Cratandri

392 1072 653 1126 scripturam
686 1086 782 1112 cum
817 1071 1066 1112 continuam
1099 1073 1192 1110 tum
1224 1069 1508 1124 marginalem
1541 1070 1774 1111 conflatam
1807 1085 1899 1112 esse
1934 1072 2095 1126 partim

390 1158 439 1184 ex
480 1142 742 1183 editionibus
775 1141 1053 1184 Ascensianis
1093 1156 1127 1181 a.
1168 1140 1274 1182 1511
1317 1143 1360 1181 et
1404 1141 1533 1194 1522,
1573 1141 1733 1195 partim
1773 1156 1824 1182 ex
1862 1142 2096 1194 codicibus,

389 1228 474 1255 uno
507 1214 621 1254 bono
654 1213 730 1254 illo
758 1216 801 1253 et
827 1215 1013 1265 vetusto,
1047 1211 1244 1266 pluribus
1271 1211 1517 1253 recentibus
1545 1215 1588 1252 et
1614 1212 1754 1267 malis,
1786 1226 1919 1266 eoque
1946 1215 2095 1254 natam

389 1299 481 1326 esse
521 1285 813 1337 illam'quam
847 1283 945 1324 ‘elixi
991 1282 1348 1324 conformationis
1394 1281 1660 1324 varietatem.
1724 1282 1809 1323 iam
1849 1298 1944 1324 cum
1982 1284 2096 1325 bona

390 1354 665 1396 Cratandrini
698 1354 882 1408 exempli
914 1354 1034 1395 nulla
1067 1354 1124 1394 sit
1157 1353 1372 1407 scriptura
1406 1367 1512 1407 quae
1544 1368 1632 1394 non
1659 1356 1776 1394 extet
1802 1354 1847 1395 in
1873 1353 1956 1395 HD
1984 1355 2097 1396 codi-

390 1427 510 1467 cibus
550 1426 784 1479 continuis,
830 1439 909 1480 ego
949 1439 993 1466 re
1034 1424 1203 1479 saepius
1242 1424 1460 1478 pensitata
1498 1426 1637 1465 totam
1676 1424 1794 1465 illam
1833 1424 2096 1480 farraginem

389 1496 657 1539 abiciendam
689 1496 838 1550 putavi
871 1498 1022 1550 utpote
1056 1495 1230 1536 dubiam
1263 1498 1306 1535 et
1338 1493 1593 1551 inutilem.¹)

508 1568 594 1609 iam
627 1582 776 1609 eorum
816 1567 890 1621 qui
928 1569 1096 1608 restant
1138 1567 1333 1608 codicum
1371 1565 1491 1606 FHD
1529 1569 1572 1607 et
1612 1569 1787 1607 mutuus
1826 1581 1960 1608 nexus
1998 1567 2097 1608 defi-

391 1639 570 1681 niendus
604 1641 670 1680 est
703 1641 746 1680 et
778 1638 890 1678 ratio
917 1637 1119 1679 universa
1146 1637 1436 1691 comparanda
1461 1651 1558 1678 cum
1584 1636 1640 1677 M.
1699 1637 1930 1678 manifesta
1961 1637 2098 1692 igitur

390 1725 486 1751 cum
512 1710 570 1751 sit
591 1709 671 1751 FH
698 1708 847 1763 stirpis
875 1709 1119 1750 communio
1148 1707 1204 1764 (v.
1227 1723 1357 1762 supra
1384 1724 1422 1762 p.
1444 1707 1568 1749 XXII
1597 1711 1639 1748 et
1667 1709 1760 1749 adn.
1785 1706 1842 1764 1),
1867 1711 1960 1749 tum
1986 1723 2038 1749 ne
2059 1708 2096 1750 is

509 1864 543 1905 1)
571 1861 674 1896 vides
699 1861 816 1907 igitur
842 1872 864 1895 a
888 1871 946 1895 me
970 1861 1090 1895 teneri
1109 1860 1229 1905 ipsam
1253 1860 1428 1904 ‘antiqui’
1453 1859 1590 1894 codicis
1611 1859 1848 1894 Cratandrini
1868 1860 2096 1895 memoriam.

390 1921 497 1955 porro
529 1909 822 1953 haudquaquam
853 1908 931 1942 veri
964 1907 1145 1943 dissimile
1178 1907 1292 1942 fuisse
1326 1919 1439 1941 unum
1472 1920 1515 1941 ex
1540 1907 1922 1942 Laureshamensibus
1948 1907 2025 1941 illis
2052 1907 2097 1942 de

390 1957 524 2002 quibus
550 1968 661 2001 supra
681 1956 914 2001 disputatum
935 1958 981 2000 (V.
997 1969 1031 2001 p.
1044 1956 1184 1999 VIsq.).
1224 1955 1393 2000 postulat
1413 1956 1539 1988 tamen
1552 1954 1690 1988 veritas
1705 1957 1747 1988 ut
1761 1955 1949 1989 addantur
1962 1954 2097 1999 quibus

392 2007 428 2039 et
461 2004 667 2048 antiquitas
699 2003 755 2037 illi
788 2003 1019 2037 detrahenda
1051 2002 1168 2037 videri
1202 2002 1321 2047 possit
1347 2003 1384 2036 et
1411 2001 1615 2036 auctoritas
1642 2002 1771 2037 omnis,
1823 2001 1961 2036 etenim
1987 2013 2097 2047 aegre

389 2052 527 2098 poterit
559 2051 734 2096 redargui
766 2051 797 2084 si
829 2050 911 2095 quis
943 2052 1091 2095 praeter
1123 2049 1306 2084 editiones
1338 2050 1507 2083 vetustas
1539 2049 1592 2082 nil
1624 2048 1697 2083 nisi
1729 2048 1875 2083 codices
1908 2060 2003 2084 saec.
2031 2049 2098 2083 XV

391 2099 547 2144 scriptos
574 2098 780 2133 Cratandro
813 2098 851 2131 in
882 2098 939 2131 his
972 2097 1144 2142 epistulis
1177 2098 1326 2142 praesto
1352 2096 1467 2131 fuisse
1494 2096 1566 2130 sibi
1592 2096 1818 2141 persuadeat
1842 2107 1917 2130 non
1943 2097 2097 2141 excepto

390 2147 471 2192 ipso
509 2146 574 2180 illo
617 2145 814 2190 ‘antiquo’.
872 2145 1015 2179 scilicet
1050 2145 1148 2178 hunc
1180 2144 1294 2178 fuisse
1330 2156 1373 2179 cx
1405 2146 1733 2178 contavmssnatorum
1763 2155 1888 2189 ,qenere
1919 2145 1966 2186 (v.
2001 2142 2098 2178 infra

390 2208 423 2240 p.
440 2194 582 2238 XXVI),
610 2204 725 2237 eoque
747 2192 1009 2238 explicandum
1029 2192 1127 2236 quod
1148 2191 1333 2236 prioribus
1353 2191 1393 2225 in
1413 2191 1517 2225 libris
1539 2192 1621 2225 octo
1643 2190 1848 2225 Cratander
1866 2190 2030 2235 pendeat
2054 2201 2097 2225 ex

391 2253 463 2275 uno
491 2241 527 2275 M
558 2241 617 2275 vel
642 2240 766 2285 potius
793 2240 830 2284 P,
864 2239 903 2273 in
929 2242 1011 2273 octo
1038 2239 1305 2285 posterioribus
1331 2239 1441 2272 modo
1469 2237 1679 2272 consentiat
1705 2249 1789 2272 cum
1815 2238 1853 2271 M
1878 2237 1988 2272 modo
2015 2248 2096 2271 cum

392 2289 509 2323 classe
549 2288 678 2323 altera.
735 2299 809 2321 non
847 2287 963 2332 igitur
1000 2287 1241 2332 neglegentia
1277 2285 1466 2320 collatoris
1500 2286 1564 2320 sed
1597 2285 1713 2330 ipsius
1747 2284 1884 2319 codicis
1919 2284 2094 2329 ‘antiqui'

391 2336 483 2370 vitio
515 2336 658 2369 factum
691 2346 770 2369 esse
801 2337 843 2368 ut
874 2334 994 2368 multa
1020 2334 1179 2369 Medicei
1212 2336 1250 2368 et
1280 2334 1416 2368 menda
1448 2335 1485 2367 et
1516 2333 1676 2367 lacunae
1705 2333 1832 2367 extent
1858 2332 1972 2366 etiam
1998 2332 2098 2377 apud

392 2383 647 2418 Cratandrum.
689 2404 721 2407 u
760 2393 827 2427 ego
866 2384 1008 2426 tamen,
1048 2383 1089 2415 ut
1126 2381 1220 2422 dixi,
1259 2381 1316 2415 his
1356 2380 1507 2425 quidem
1544 2380 1583 2414 in
1615 2379 1720 2414 libris
1756 2379 1951 2423 antiquum
1982 2379 2096 2413 fuisse

394 2430 618 2475 ‘antiquum'
653 2429 759 2463 illum
792 2430 939 2463 credere
971 2429 1081 2464 malo.
1132 2428 1311 2463 librorum
1340 2429 1466 2462 tamen
1492 2427 1642 2461 I—VHI
1666 2429 1792 2472 partes
1818 2426 1968 2460 omnino
1994 2426 2097 2460 dese-

391 2479 523 2512 rendas
557 2489 624 2523 ego
658 2488 803 2521 quoque
835 2478 936 2521 puto.
989 2478 1045 2510 est
1076 2475 1225 2520 quidem
1257 2476 1295 2509 in
1327 2475 1402 2508 illis
1435 2476 1472 2509 et
1504 2476 1698 2509 contextus
1732 2475 1768 2508 et
1793 2473 1974 2519 marginis
2000 2472 2098 2508 ratio

392 2526 521 2560 eadem
549 2526 660 2568 atque
682 2524 719 2558 in
739 2526 845 2569 parte
865 2523 1068 2569 posteriore
1090 2524 1472 2566 commemoraturque
1493 2521 1570 2555 illic
1591 2532 1737 2565 quoque
1757 2521 1945 2555 intertium
1967 2520 2096 2554 ‘codex

393 2572 581 2616 antiquus’
616 2572 664 2616 (I,
691 2576 747 2616 5³,
781 2576 817 2613 23
852 2575 882 2613 9,
910 2576 948 2615 43
982 2577 1013 2615 9,
1041 2575 1101 2611 233
1134 2571 1183 2614 ΙΙ,
1211 2574 1241 2614 3,
1271 2575 1306 2612 13
1335 2573 1389 2613 16,
1418 2575 1454 2613 33
1486 2569 1553 2613 ΙΙΙ,
1581 2573 1618 2611 4,
1647 2572 1683 2611 1,
1716 2568 1776 2612 IV,
1805 2574 1842 2610 5,
1870 2572 1917 2609 4).
1967 2567 2096 2611 itaque

392 2631 457 2665 per
490 2631 528 2653 se
558 2619 655 2652 nihil
687 2619 814 2652 obstat
846 2630 918 2662 quo
950 2618 1071 2652 minus
1104 2617 1163 2652 vel
1190 2615 1518 2651 Laureshamensis
1553 2615 1611 2650 vel
1644 2615 1740 2650 alius
1773 2614 1891 2659 aliqui
1920 2614 2098 2649 librorum

393 2668 438 2700 1ἡ
456 2667 541 2701 VIII
579 2666 693 2700 codex
731 2668 899 2699 vetustus
932 2665 1138 2699 Cratandro
1178 2664 1357 2710 obtigisse
1391 2665 1553 2709 putetur.
1611 2674 1706 2707 quae
1738 2664 1864 2697 tamen
1895 2661 1999 2696 illinc
2033 2661 2095 2695 ad-

394 2714 561 2747 feruntur
593 2715 630 2747 et
661 2724 782 2758 pauca
815 2714 901 2746 sunt
933 2714 970 2747 et
1002 2713 1203 2747 admodum
1228 2711 1343 2753 levia,
1376 2711 1399 2745 i.
1429 2722 1456 2745 e.
1484 2712 1575 2744 nota
1607 2710 1732 2744 omnia
1757 2721 1801 2744 ex
1826 2708 1985 2744 Medicei
2010 2719 2097 2753 apo-

394 2761 556 2806 graphis,
583 2772 651 2795 nec
677 2760 876 2804 quicquam
904 2760 942 2794 in
967 2761 1074 2805 parte
1100 2759 1167 2793 illa
1193 2761 1250 2793 est
1276 2759 1375 2803 quod
1401 2759 1534 2792 ducere
1560 2757 1680 2803 possit
1702 2757 1750 2791 ad
1773 2761 1797 2791 G
1821 2756 1880 2790 vel
1900 2756 1932 2789 R,
1952 2755 2097 2789 codices

395 2819 564 2842 eorumve
585 2807 741 2842 similes:
768 2807 905 2842 lacuna
925 2806 1084 2842 Medicei
1103 2806 1208 2840 nulla
1229 2806 1377 2851 expleta
1397 2807 1464 2849 est,
1490 2805 1666 2839 mendum
1684 2803 1826 2838 nullum
1849 2802 2096 2837 emendatum.

395 2854 521 2897 itaque
553 2855 662 2889 huius
689 2854 839 2899 quidem
868 2854 1042 2898 ‘antiqui’
1070 2853 1320 2899 patrocinium
1346 2864 1391 2887 ne
1418 2864 1486 2898 ego
1513 2852 1664 2896 quidem
1690 2850 1875 2895 suscipere
1901 2849 2026 2884 velim.
2084 2872 2087 2873 ν

396 2903 556 2935 ceterum
583 2913 677 2946 quae
705 2902 804 2947 apud
828 2901 1007 2936 Orellium
1034 2901 1267 2944 maximeque
1294 2900 1394 2945 apud
1420 2899 1612 2933 Baiterum
1637 2910 1681 2932 ex
1704 2897 1938 2931 ‘Cratandro’
1969 2896 2098 2930 adlata

396 2948 578 2991 invenies,
610 2949 686 2983 noli
717 2950 850 2995 putare
885 2960 963 2983 esse
996 2948 1073 2982 eius
1104 2948 1244 2982 omnia:
1278 2947 1465 2993 permulta
1490 2947 1528 2980 in
1553 2944 1866 2980 Ascensianarum
1892 2943 2098 2978 editionum

397 2997 462 3028 aut
492 2997 665 3029 contextu
691 2998 755 3030 aiut
781 2995 949 3041 margine
977 2996 1158 3039 occupata
1184 2995 1366 3039 invenies,
1400 2994 1597 3037 desumpta
1622 2991 1700 3025 illic
1728 2991 1871 3025 scilicet
1896 3002 1941 3025 ex
1965 2989 2097 3024 editio-

397 3041 504 3075 nibus
538 3043 652 3077 cascis
687 3043 922 3077 codicibusve
954 3042 1055 3076 varie
1088 3042 1334 3087 interpolatis
1385 3040 1529 3087 possint
1560 3038 1691 3084 igitur,
1725 3039 1755 3072 si
1787 3038 1869 3082 quis
1898 3038 1968 3071 hoc
1995 3038 2096 3082 agat,

398 3088 462 3122 uni
488 3089 619 3132 cuique
646 3090 721 3124 fere
742 3089 939 3125 Cratandri
966 3089 1170 3134 scripturae
1197 3089 1275 3123 sive
1300 3090 1422 3123 bonae
1448 3087 1524 3121 sive
1550 3086 1672 3120 malae
1700 3086 1776 3120 alia
1796 3083 1974 3120 substitui
1993 3083 2098 3118 testi-

400 3136 524 3169 monia
551 3146 666 3180 eaque
694 3137 861 3172 certiora.
