2242 3496
761 199 1099 235 EPISTVLARVM
1126 200 1202 235 XII.
1233 205 1285 236 15.
1785 203 1864 243 321

175 320 282 360 quos
314 305 358 346 in
391 306 627 348 continenti
653 306 828 355 habent,
860 308 948 349 sive
976 308 1131 361 furore,
1165 309 1253 350 sive
1280 309 1491 363 patientia
1516 325 1763 364 paucorum,
1797 311 1869 364 qui

173 379 217 417 et
255 379 383 418 antea
419 377 512 431 pari
552 378 812 420 contumelia
844 378 960 420 viros
993 379 1257 421 clarissimos
1289 380 1535 422 adfecerant
1567 386 1609 421 et
1641 396 1752 422 nunc
1785 396 1869 423 ma-

173 446 312 488 ximos
345 447 628 502 magistratus
667 453 884 505 gerentes,
922 450 1039 491 nullo
1073 451 1269 505 exemplo
1307 466 1445 506 neque
1484 455 1633 493 nostra
1665 467 1715 493 ex
1748 454 1869 506 parte

172 532 309 573 neque
340 521 491 560 nostro
526 520 816 573 praesentium
858 535 992 574 neque
1024 520 1268 562 imminenti
1302 520 1452 563 Italiae
1486 521 1666 576 urbique
1697 525 1869 563 nostrae

137 589 378 643 spericulo,
411 590 447 630 si
480 590 551 631 ille
585 591 797 645 parricida
832 606 928 632 cum
962 592 1051 633 suis
1084 592 1328 633 latronibus
1359 593 1541 634 navibus
1574 608 1624 634 ex
1657 593 1764 634 Asia
1797 592 1871 648 Sy-

172 659 320 714 riaque
353 660 557 715 expulsus
584 661 757 703 ltaliam
790 662 983 716 petisset,
1016 663 1189 717 mederi,
1221 678 1316 706 eum
1351 663 1474 705 facile
1508 667 1696 718 possent,
1729 664 1870 706 nolue-

172 734 284 772 runt.
347 732 566 773 nonnullis
612 733 744 774 etiam
784 733 866 787 ipsi
906 734 1190 788 magistratus
1231 735 1461 776 veniebant
1498 735 1542 775 in
1582 735 1869 789 suspicionem
1899 747 1912 763 ¹·

171 802 406 844 detinuisse
432 817 512 844 nos
538 806 581 844 et
607 803 818 845 demorati
845 818 950 855 esse,
981 803 1082 845 dum
1109 804 1259 846 classis
1288 804 1539 848 Dolabellae
1567 807 1724 847 certior
1750 807 1872 848 fieret

171 873 221 914 de
254 873 440 914 adventu
471 876 641 928 nostro3
675 888 804 928 quam
837 874 1128 928 suspicionem
1160 880 1416 917 consecutae
1450 891 1518 918 res
1551 877 1717 932 aliquot
1749 893 1870 919 auxe-

120 955 152 979 10
171 947 283 997 runt,
316 944 502 985 maxime
536 944 650 998 quod
683 944 827 986 subito
860 959 910 986 ex
937 944 1071 999 Lycia
1099 945 1195 986 Sex.
1215 945 1379 988 Marius
1412 950 1455 988 et
1488 946 1530 989 C.
1552 948 1704 1003 Titius,
1735 949 1870 1005 legati

170 1013 434 1069 Dolabellae,
462 1030 486 1056 a
511 1015 646 1056 classe
673 1015 963 1057 discesserunt
988 1016 1172 1070 navique
1197 1016 1329 1071 longa
1348 1018 1635 1074 profugerunt
1662 1020 1870 1062 onerariis

170 1085 351 1140 relictis,
394 1085 437 1127 in
483 1086 639 1140 quibus
684 1086 938 1143 colligendis
979 1102 1067 1129 11011
1107 1088 1334 1130 minimum
1374 1090 1581 1144 temporis
1622 1091 1869 1146 laborisque

171 1160 538 1212 consumpserant.
595 1157 754 1212 itaque,
787 1172 883 1199 cum
917 1158 971 1200 ab
1004 1158 1158 1200 Rhodo
1193 1174 1290 1202 eum
1324 1160 1396 1214 eis,
1430 1175 1535 1214 quas
1568 1162 1871 1216 habueramus,

169 1228 352 1270 navibus
384 1228 428 1270 in
461 1227 638 1283 Lyciam
670 1229 953 1283 venissemus,
991 1230 1113 1271 navis
1146 1231 1362 1272 onerarias
1396 1232 1634 1287 recepimus
1667 1234 1870 1276 dominis-

118 1309 150 1335 15
172 1313 254 1353 que
286 1298 568 1353 restituimus,
600 1299 809 1355 idemque,
843 1302 955 1354 quod
982 1301 1167 1343 maxime
1194 1302 1458 1357 verebamur,
1489 1319 1541 1345 110
1567 1308 1716 1359 posset
1741 1305 1869 1347 Dola—

169 1369 283 1411 bella
314 1385 411 1412 cum
445 1371 533 1412 suis
566 1370 809 1412 latronibus
843 1372 887 1412 111
918 1371 1092 1413 Italiam
1126 1372 1289 1428 venire,
1320 1373 1471 1415 timere
1505 1375 1726 1418 desiimus:
1765 1376 1869 1418 elas-

168 1455 257 1482 sem
295 1441 534 1497 fugientem
572 1443 786 1496 persecuti
826 1457 974 1484 sumus
1013 1458 1147 1497 usque
1181 1442 1344 1499 Sidam,
1384 1459 1492 1499 quae
1525 1449 1717 1488 extrema
1748 1448 1867 1503 regio

168 1515 235 1553 est
266 1512 510 1566 provinciae
543 1528 672 1554 meae.
736 1513 797 1554 ibi
830 1513 1014 1569 cognovi
1045 1517 1214 1568 partem
1254 1515 1429 1556 navium
1462 1515 1715 1559 Dolabellae
1748 1518 1868 1559 diffu-

167 1582 302 1637 gisse,
346 1583 533 1637 reliquas
574 1583 744 1638 Syriam
784 1583 1060 1639 Cyprumque
1098 1586 1276 1640 petisse:
1324 1587 1479 1640 quibus
1518 1588 1726 1643 disiectis,
1772 1604 1868 1631 cum

169 1739 243 1770 tum
265 1740 441 1781 prytanes
464 1740 577 1771 erant.
616 1737 873 1781 siyw'fieantur
899 1741 1017 1771 autem
1042 1748 1105 1772 sex
1125 1739 1265 1781 prioris
1291 1740 1383 1773 mini
1408 1741 1530 1783 partis
1560 1745 1750 1785 prytams,
1789 1743 1812 1776 τ’.
1840 1754 1866 1776 e.

168 1783 201 1817 ei
225 1784 290 1828 qui
320 1794 496 1817 summum
527 1785 780 1828 mayistratum
811 1784 896 1818 inde
927 1796 951 1818 a
981 1784 1255 1829 Thesmophorio
1283 1785 1462 1828 (Octobri)
1492 1799 1608 1823 mense
1633 1800 1666 1823 a.
1687 1792 1733 1821 44
1758 1800 1868 1834 usque

167 1830 216 1864 ad
235 1830 471 1864 Artemisium
493 1830 706 1873 (Martium)
733 1842 881 1865 mensem
903 1843 936 1865 a.
958 1834 1003 1864 43
1022 1837 1214 1876 903301·αηὺ.
1253 1833 1481 1868 Rhodiorum
1501 1836 1596 1869 enim
1615 1847 1736 1870 amnis
1754 1839 1868 1880 coepit

167 1877 212 1911 ab
249 1878 475 1922 aequinoctio
514 1878 722 1912 autumnali
759 1879 804 1923 (v.
837 1878 1006 1922 Bischoff
1038 1878 1160 1923 Leipz.
1188 1880 1291 1915 Stud.
1330 1880 1408 1916 VII.
1455 1885 1556 1916 1884.
1596 1894 1634 1927 p.
1670 1887 1748 1918 368.
1788 1887 1867 1927 383,

166 1924 212 1958 A.
233 1924 434 1959 Mommsen
458 1926 500 1959 iri
525 1925 709 1960 Bursiam'
734 1926 930 1960 Iahresber.
959 1929 1050 1960 1889
1076 1926 1128 1960 III
1148 1938 1186 1971 p.
1208 1930 1376 1973 425311),
1407 1929 1577 1964 Trebonii
1602 1935 1721 1966 autem
1747 1932 1869 1966 caedes

168 1971 284 2006 ‘intra
307 1972 415 2015 finem
439 1973 532 2006 anni
550 1973 732 2007 vementi-9⁷
760 1974 862 2015 l'aeta
881 1977 959 2008 erat
979 1972 1066 2017 (Cic.
1087 1974 1188 2008 Phil.
1210 1974 1306 2019 ΧΠΙ,
1329 1979 1383 2019 10,
1405 1978 1475 2021 22),
1502 1978 1527 2012 i.
1547 1989 1573 2012 e.
1595 1989 1639 2012 m.
1662 1978 1868 2014 Februario

167 2030 200 2052 a.
220 2021 276 2052 43.
314 2020 442 2054 missae
474 2023 593 2054 autem
625 2024 728 2055 erant
764 2021 956 2065 legationes
986 2021 1071 2055 illae
1103 2033 1125 2055 a
1156 2027 1284 2057 senatu
1309 2023 1555 2068 Rhodiorum,
1594 2026 1698 2070 idque
1724 2030 1869 2070 praeter

165 2067 240 2100 ius:
260 2067 483 2112 prytanibus
507 2068 615 2111 euim,
638 2078 712 2102 mm
736 2069 881 2103 senatui
905 2079 961 2102 res
986 2072 1126 2102 emterae
1153 2070 1468 2106 administrandae
1493 2076 1597 2106 eraut
1628 2074 1638 2117 ΙΙ
1670 2072 1763 2108 haec
1788 2074 1866 2119 eet]

165 2118 348 2158 corrupta.
385 2115 607 2159 scripserim:
632 2113 694 2149 hic
719 2115 812 2159 (eum
835 2115 969 2150 Orellio
983 2115 1004 2158 ¹,
1029 2116 1083 2150 vel
1103 2117 1340 2162 etiamnunc)
1367 2117 1445 2152 sive
1474 2147 1480 2153 .
1503 2148 1508 2153 .
1533 2148 1539 2153 .
1562 2148 1568 2154 .
1595 2120 1766 2164 potentia
1791 2121 1868 2166 (hoe

165 2172 245 2195 eum
272 2161 448 2206 Eynatio)
476 2190 483 2196 .
505 2190 510 2195 .
535 2191 540 2195 .
565 2190 571 2196 .
599 2163 636 2196 et
661 2173 758 2196 nunc
784 2161 966 2196 maximos
992 2161 1235 2206 magistratus
1269 2166 1404 2209 gerunt
1435 2167 1514 2209 (hoe
1545 2178 1625 2201 eum
1650 2168 1866 2213 DIadviyio)‚

164 2207 268 2242 nullo
306 2207 474 2253 exemplo
515 2209 666 2255 [neque]
705 2210 834 2243 nostra
866 2220 910 2244 ex
946 2211 1052 2254 parte
1090 2221 1209 2254 neque
1244 2239 1278 2246 ..
1303 2241 1308 2246 .
1333 2241 1338 2246 .
1372 2212 1570 2248 voluerunt
1599 2215 1676 2258 (hoc
1707 2226 1786 2250 eum
1819 2218 1864 2259 ς).

168 2254 304 2300 ‘pauci,
331 2255 394 2300 qui
421 2284 427 2290 .
451 2285 457 2291 .
481 2285 487 2290 .
510 2284 516 2290 .
545 2257 583 2290 et
607 2267 704 2291 nunc
730 2256 913 2291 maximos
939 2256 1183 2302 magistratus
1208 2260 1356 2303 gerunt'
1388 2265 1473 2295 sum
1498 2263 1583 2296 novi
1603 2266 1781 2307 prytanes
1805 2274 1867 2297 seza:

165 2303 229 2347 qui
252 2303 337 2338 inde
363 2315 385 2337 α
411 2303 589 2339 Sminthio
614 2304 773 2349 (Aprili)
800 2315 916 2339 mense
941 2316 974 2339 α.
995 2307 1038 2337 43
1067 2316 1134 2348 per
1163 2311 1324 2342 semestre
1354 2309 1514 2351 spatium
1545 2320 1721 2343 summum
1752 2312 1866 2356 mayd-

164 2353 319 2384 stratwm
352 2351 531 2396 yerebant.
577 2362 665 2386 casu
696 2355 815 2386 autem
845 2352 1027 2386 acciderat
1057 2356 1099 2386 ut
1129 2363 1173 2387 ex
1198 2358 1306 2397 parte
1336 2355 1461 2390 saltem
1495 2356 1606 2391 eidem
1642 2360 1717 2391 tum
1755 2362 1866 2392 essent

163 2397 323 2432 homines
347 2399 410 2442 qui
435 2410 468 2432 a.
490 2401 534 2432 48
560 2409 696 2433 summo
728 2400 946 2444 mayistratu
976 2399 1096 2442 fiwncti
1126 2405 1231 2434 erant
1255 2401 1534 2448 Pompeiumque
1558 2404 1701 2439 iniuria
1728 2405 1864 2448 adfece-

164 2448 250 2479 rant
275 2446 341 2489 (ep.
364 2448 418 2488 14,
440 2447 487 2489 3).
525 2457 555 2480 v.
583 2457 674 2490 quae
700 2446 742 2480 cle
768 2449 840 2480 toto
866 2446 940 2481 loeo
966 2447 1116 2490 eoeposui
1141 2459 1227 2482 arm.
1249 2449 1340 2492 phil.
1369 2451 1458 2483 1891
1481 2463 1519 2495 p.
1542 2453 1609 2484 345
1623 2462 1672 2496 sq.
1711 2453 1864 2487 coniece-

166 2495 252 2526 runt
277 2491 506 2537 Wesenbery:
543 2491 604 2526 hic
631 2521 637 2527 .
661 2521 666 2526 .
690 2520 697 2527 .
721 2521 727 2526 .
761 2492 837 2527 sive
869 2492 1039 2537 potentia
1065 2523 1070 2528 .
1094 2523 1100 2528 .
1124 2522 1129 2528 .
1153 2523 1159 2529 .
1188 2493 1390 2530 affecerant
1424 2497 1479 2543 [et
1510 2509 1606 2532 nunc
1638 2509 1733 2533 max.
1766 2510 1864 2544 mag.

164 2539 371 2584 gerentesJ,
405 2538 508 2573 nullo
541 2539 708 2583 exemplo
741 2550 860 2583 neque
890 2541 1019 2576 nostra
1051 2551 1095 2575 ex
1125 2543 1232 2586 parte
1257 2542 1478 2592 <lacessiti>
1507 2546 1574 2589 (vel
1600 2544 1865 2594 <provocati>)

165 2595 284 2630 neque
309 2587 436 2620 nostro
464 2615 470 2621 .
494 2615 499 2620 .
523 2615 529 2621 .
557 2585 771 2631 voluerunt;
798 2587 953 2633 Maclviy
978 2588 1090 2632 (‘adv.
1117 2590 1210 2624 erit?
1238 2589 1272 2624 Π
1293 2602 1331 2635 p.
1353 2593 1452 2636 234):
1480 2603 1524 2626 ac
1551 2621 1556 2626 .
1581 2621 1586 2626 .
1610 2621 1616 2627 .
1644 2592 1722 2628 sive
1747 2593 1864 2638 impo-

158 2631 281 2666 tentia
307 2634 401 2677 (cum
428 2634 464 2678 ς)
491 2662 497 2668 ,
520 2662 526 2668 .
550 2661 557 2668 .
580 2662 586 2668 .
613 2644 710 2669 mair.
737 2645 834 2678 mag.
855 2636 1000 2679 gerunt,
1027 2634 1130 2669 nullo
1151 2637 1320 2682 exemplo
1340 2649 1460 2683 neque
1479 2650 1546 2674 nos
1568 2639 1734 2685 accipere
1754 2642 1864 2685 portu

159 2690 278 2724 neque
310 2681 436 2714 nostro
464 2709 469 2715 .
493 2709 499 2714 .
523 2708 529 2715 .
557 2680 769 2725 voluerunt;
802 2682 993 2717 Lehmann
1018 2684 1073 2726 (p.
1097 2686 1162 2717 117
1177 2686 1260 2728 sq.):
1299 2685 1371 2720 hac
1402 2687 1461 2731 (30.
1494 2688 1634 2732 mente)
1661 2716 1667 2722 .
1691 2717 1696 2722 .
1721 2717 1726 2722 .
1750 2715 1755 2721 .
1785 2688 1863 2723 sive

158 2726 345 2771 patientia
372 2756 378 2762 .
402 2756 438 2763 ..
473 2729 510 2762 et
547 2739 644 2762 nunc
681 2727 864 2763 maximos
902 2728 1147 2774 magistratus
1185 2734 1357 2776 gerentes
1395 2733 1498 2768 nullo
1538 2734 1706 2780 exemplo
1745 2746 1864 2779 neque

158 2775 287 2808 nostra
300 2776 462 2820 exparte
484 2773 632 2821 <neque
651 2774 817 2820 ipsorum
838 2778 1080 2811 contemnunt
1092 2778 1146 2812 vel
1157 2779 1275 2824 sim),
1296 2790 1415 2824 neque
1436 2782 1562 2816 nostro
1579 2811 1584 2816 .
1599 2811 1604 2816 .
1620 2811 1626 2816 .
1642 2782 1841 2817 voluerunt

158 2820 331 2857 timorem
358 2823 403 2857 M
433 2824 444 2866 ΙΙ
475 2821 521 2856 de
553 2822 670 2868 agris,
710 2833 802 2867 quos
833 2823 873 2858 111
903 2823 1110 2859 continenti
1141 2824 1298 2872 habent]
1336 2828 1380 2870 cf.
1414 2829 1500 2863 buli.
1534 2830 1576 2864 de
1609 2840 1700 2864 corr.
1726 2830 1804 2865 hell.
1833 2830 1864 2864 X

135 2890 140 2894 -
154 2879 192 2913 p.
214 2871 282 2903 245
295 2880 344 2914 sq.
377 2871 388 2914 ΙΙ
421 2873 450 2904 7.
483 2869 556 2914 ipsi
588 2869 850 2917 magistratus]
887 2873 1007 2915 priore
1044 2873 1085 2906 ivn
1122 2874 1312 2909 enuntiato
1349 2875 1391 2909 de
1428 2880 1556 2910 senatu
1594 2887 1704 2911 sermo
1742 2878 1865 2920 fuerat

160 2915 419 2961 (‘noluerunt',
448 2918 469 2952 ι’.
491 2929 517 2952 e.
545 2917 773 2952 Rhodiorum
799 2916 1024 2964 βουλευταί),
1058 2930 1155 2954 minc
1181 2921 1229 2954 ad
1254 2923 1482 2965 quorundam
1508 2924 1550 2957 de
1575 2924 1665 2967 ipsis
1692 2926 1862 2970 prytani-

159 2963 224 2998 bus
248 2965 486 3008 suspiciorwm
512 2965 655 2999 transit.
693 2965 841 3007 fallitur
866 2966 1054 3001 Lehmann
1080 2977 1118 3009 p.
1143 2969 1208 3000 118
1239 2969 1251 3013 ΙΙ
1283 2971 1314 3003 8.
1342 2968 1554 3004 detenuisse
1579 2970 1670 3005 ΜΗ
1696 2972 1707 3015 11
1739 2971 1862 3007 demo-

159 3009 234 3044 rati
259 3011 314 3055 M,
342 3011 553 3046 demoratos
579 3013 638 3056 (ex
664 3013 739 3046 —tus
769 3011 811 3045 H
816 3012 838 3055 ¹)
866 3013 956 3047 HJ).
996 3013 1043 3055 cf.
1070 3013 1207 3049 Ko'hler
1227 3027 1265 3059 1).
1288 3019 1332 3049 34
1351 3018 1362 3061 ΙΙ
1384 3020 1436 3051 13.
1465 3020 1775 3062 consumpserunt
1803 3021 1843 3054 Ψ

161 3055 231 3103 018]
256 3056 316 3092 1118
341 3058 434 3103 HD,
459 3058 506 3093 iis
533 3070 565 3103 ς,
591 3071 656 3094 om.
685 3060 728 3094 M
764 3061 776 3104 ΙΙ
814 3063 868 3095 14.
895 3071 1010 3095 naues
1036 3060 1068 3094 h.
1091 3061 1114 3095 I.
1140 3061 1190 3095 M
1221 3063 1232 3107 ΙΙ
1271 3066 1324 3098 17.
1352 3075 1478 3098 sumus
1503 3064 1558 3109 M,
1584 3064 1722 3100 fuimus
1748 3066 1829 3101 HD

161 3114 277 3148 usque
301 3105 397 3150 MD,
424 3117 540 3150 usque
567 3107 626 3150 ad,
653 3108 713 3141 sed
740 3106 788 3141 ad
813 3117 927 3151 eraso,
953 3107 1002 3142 H.
1042 3109 1088 3150 cs.
1112 3108 1285 3153 Wo'lfflin
1306 3111 1430 3146 ‘Ao-ch.
1451 3113 1477 3155 f.
1500 3113 1562 3148 lat.
1584 3112 1790 3160 Leoeetcoyrf
1814 3113 1863 3149 IV

156 3162 194 3194 p.
217 3153 261 3185 52
275 3162 324 3197 sq.
344 3153 356 3197 ΙΙ
376 3156 430 3189 19.
458 3153 636 3198 reliquias
666 3155 700 3188 1)
720 3156 731 3198 ΙΙ
753 3157 806 3188 19.
830 3166 867 3199 1).
889 3158 968 3199 322,
993 3159 1004 3188 1
1037 3165 1119 3188 cum
1146 3155 1293 3191 iscirem
1320 3159 1369 3192 M

234 3215 296 3243 C1c.
317 3226 362 3249 ep.
382 3219 426 3244 cd.
447 3219 718 3245 Mendelssuhn
1533 3223 1575 3252 21
