2242 3496
648 230 985 264 l=31‘lS'1‘vJ.ARVM
1012 230 1088 265 VH.
1116 234 1146 264 5.
1175 233 1205 265 6.
1235 233 1264 265 7.
1716 229 1797 269 163

836 374 911 416 vl.
961 375 1068 430 μω.)

599 468 810 510 elenae
845 470 885 510 s.
921 469 968 510 1).
1001 468 1306 510 ΊῊΕΒΑΤΙΟ.

222 561 271 603 In
305 562 505 604 omnibus
545 563 649 604 meis
690 563 904 617 epistolis,
943 578 1049 618 quas
1083 564 1132 604 ad
1167 561 1394 604 Caesarem
1425 564 1500 603 aut
1532 561 1582 602 ad
1616 561 1799 602 Balbum
1830 572 1845 600 1

105 632 245 688 mitto,
277 632 488 688 legituma
520 635 723 687 quaedam
760 637 824 674 est
858 634 1044 675 accessio
1078 634 1461 675 commendationis
1495 637 1612 687 tuae,
1644 646 1720 673 nec
1753 646 1801 672 ea

69 721 85 746 ⁵
104 703 308 759 vulgaris,
341 703 413 744 sed
441 719 537 744 cum
565 704 709 757 aliquo
737 705 897 759 insigni
924 704 1081 745 indicio
1110 720 1227 745 meae
1258 719 1359 760 erga
1391 708 1433 745 te
1467 702 1800 745 benevolentiae.

105 778 154 816 tu
185 774 312 816 modo
350 774 536 828 ineptias
577 775 684 816 istas
717 778 760 815 et
791 775 1001 816 desideria
1033 776 1151 815 urbis
1185 780 1227 816 et
1261 775 1519 816 urbanitatis
1553 775 1714 828 depone
1748 776 1802 825 et,

106 859 191 900 quo
224 845 405 887 consilio
436 845 657 899 profectus
690 860 752 899 es,
785 845 827 886 id
861 846 1114 887 assiduitate
1147 850 1190 886 et
1222 847 1380 888 virtute
1414 860 1689 900 consequere:
1721 844 1802 885 hoc

106 916 189 958 tibi
222 919 312 958 tam
344 916 617 972 ignoscemus
650 930 728 957 nos
763 916 908 970 amici,
941 932 1070 971 quam
1101 917 1360 972 ignoverunt
1392 917 1584 971 Medeae,

165 1013 274 1054 quae
307 997 565 1041 Corinthum
596 1013 738 1040 arcem
769 999 904 1040 altam
935 999 1154 1040 habebant
1193 1003 1413 1040 matronae
1447 1000 1692 1053 opulentae,
1731 1013 1802 1052 op-

55 1090 88 1115 ιο
1500 1070 1686 1122 timates,

107 1153 262 1209 quibus
306 1153 382 1195 illa
426 1153 625 1194 manibus
670 1153 992 1209 gypsatissimis
1042 1153 1277 1208 persuasit,
1326 1168 1378 1194 ne
1423 1153 1505 1194 sibi
1548 1152 1654 1194 vitio
1705 1151 1803 1192 illae

106 1227 336 1280 verterent,
369 1225 482 1280 quod
516 1225 688 1266 abesset
721 1239 745 1266 a
776 1225 936 1279 patria,
967 1239 1067 1265 nam

167 1319 294 1360 multi
326 1333 448 1360 suam
481 1334 572 1360 rem
604 1319 711 1360 bene
744 1332 915 1373 gessere
949 1321 992 1359 et
1023 1318 1239 1372 publicam
1272 1319 1412 1372 patria
1443 1319 1610 1372 procul:

167 1390 311 1446 multi,
343 1390 417 1445 qui
449 1390 564 1432 domi
597 1392 784 1431 aetatem
817 1392 1011 1444 agerent,
1043 1393 1271 1443 propterea
1303 1392 1402 1430 sunt
1433 1389 1681 1444 improbati,

57 1502 91 1529 15
111 1499 196 1539 quo
226 1485 273 1527 in
302 1500 480 1527 numero
519 1488 569 1526 tu
605 1487 719 1526 certe
757 1483 933 1538 fuisses,
973 1484 1058 1525 nisi
1096 1487 1138 1525 te
1177 1484 1517 1525 extrusissemus.
1567 1484 1654 1525 'sed
1685 1483 1808 1537 plura
1833 1494 1853 1524 2

111 1556 348 1598 scribemus
381 1556 499 1598 alias.
553 1559 614 1611 tu,
647 1556 721 1610 qui
754 1555 908 1597 ceteris
942 1570 1090 1597 cavere
1117 1555 1315 1610 didicisti,
1347 1555 1392 1596 in
1418 1554 1643 1596 Britannia
1673 1569 1726 1595 ne
1753 1554 1806 1595 ab

111 1627 339 1669 essedariis
371 1627 598 1682 decipiaris
631 1630 780 1669 caveto
813 1630 877 1681 et,
911 1626 1115 1681 quoniam
1147 1626 1342 1668 Medeam
1375 1626 1495 1681 coepi
1527 1640 1670 1681 agere,
1702 1625 1807 1666 illud

112 1713 281 1754 semper
310 1701 546 1741 memento:

173 1782 247 1837 qui
275 1781 370 1837 ipse
402 1781 487 1824 sibi
518 1781 689 1837 sapiens
721 1781 924 1837 prodesse
955 1796 1042 1822 non
1075 1781 1187 1836 quit,
1218 1780 1479 1835 nequiquam
1512 1780 1637 1835 sapit.

59 1883 95 1909 κο
114 1879 232 1917 cura,
264 1867 314 1907 ut
344 1865 500 1907 valeas.

840 1970 936 2014 Vn.
980 1969 1089 2028 (41.)

690 2065 900 2108 moneo
934 2065 1240 2108 TREBATIO.

234 2161 331 2217 Ego
368 2163 411 2203 te
450 2162 747 2203 commendare
785 2175 874 2203 non
911 2161 1092 2217 desisto,
1133 2161 1224 2214 sed,
1265 2159 1365 2214 quid
1403 2159 1644 2214 proficiam,
1681 2174 1732 2200 ex
1769 2162 1811 2200 te
1841 2170 1856 2199 1

118 2232 226 2274 seire
252 2231 396 2287 cupio:
429 2245 549 2286 spem
575 2232 807 2274 maximam
831 2232 970 2274 habeo
998 2232 1042 2273 in
1068 2231 1218 2286 Balbo,
1251 2231 1301 2272 ad
1330 2245 1456 2285 quem
1488 2230 1538 2271 de
1567 2232 1610 2271 te
1637 2229 1812 2285 diligen-

65 2321 98 2346 25
117 2302 285 2344 tissime
322 2305 368 2344 et
404 2303 655 2358 saepissime
697 2304 853 2346 scribo.
914 2303 1021 2344 illud
1060 2303 1177 2344 soleo
1219 2301 1383 2355 mirari,
1423 2315 1509 2342 non
1548 2315 1614 2342 me
1653 2300 1812 2341 totiens

118 2373 310 2429 accipere
353 2375 450 2415 tuas
495 2374 683 2430 litteras,
728 2375 928 2430 quotiens
968 2389 992 2415 a
1031 2373 1192 2423 Quinto
1230 2372 1336 2414 mihi
1380 2372 1512 2413 fratre
1554 2370 1813 2411 adferantur.

117 2445 163 2486 in
187 2444 416 2486 Britannia
444 2445 555 2487 nihil
587 2460 680 2488 esse
713 2446 840 2488 audio
868 2459 1007 2501 neque
1040 2443 1133 2486 auri
1163 2458 1300 2498 neque
1333 2442 1520 2498 argenti:
1552 2442 1594 2482 id
1627 2441 1663 2483 si
1695 2442 1813 2494 itast,

117 2572 407 2618 puffidiunculss,
441 2585 457 2608 s
478 2585 558 2619 exp.
578 2586 623 2609 m.
640 2577 671 2618 1,
699 2574 744 2610 G.
771 2572 1102 2619 impudentiusculi
1127 2573 1195 2607 aliz?
1214 2574 1225 2616 ΙΙ
1245 2572 1372 2616 quam]
1401 2580 1626 2615 quamquam
1653 2569 1812 2611 Ernesti,

117 2625 209 2656 reete
227 2625 332 2666 puto.
364 2626 405 2658 ut
429 2633 529 2656 minc
548 2622 802 2666 putidiuseule
825 2622 952 2657 scribit
962 2635 971 2654 :
1004 2620 1057 2664 (in
1083 2620 1248 2663 manum)
1273 2620 1377 2653 tuam
1401 2618 1513 2652 istam
1536 2646 1542 2652 .
1566 2646 1571 2651 .
1595 2646 1600 2651 .
1622 2617 1812 2661 praestan-

118 2668 212 2712 tem,
245 2669 298 2703 sic
328 2673 438 2705 mntea
469 2680 605 2714 quoque
636 2669 748 2704 simili
777 2670 920 2704 videtur
953 2679 1039 2702 usus
1071 2678 1141 2701 csse
1176 2667 1314 2702 tumido
1345 2666 1524 2700 scribenda·
1553 2675 1677 2709 {seuere
1707 2674 1813 2707 coque

119 2716 161 2750 in
187 2714 352 2751 Caesaris
376 2718 471 2752 iocos
495 2717 702 2751 incurrisse.
743 2726 868 2750 sumus
900 2714 999 2750 enim
1035 2712 1292 2759 putidiusculi,
1328 2712 1427 2756 quod
1458 2722 1524 2756 per
1554 2712 1590 2744 te
1622 2709 1682 2743 vix
1714 2709 1814 2753 licet,

119 2773 186 2807 per
220 2762 319 2798 hunc
355 2763 484 2808 utique
519 2763 650 2798 licebit
693 2764 850 2798 aliorum
887 2763 1101 2798 coniecturis
1137 2771 1224 2794 usus
1261 2760 1357 2794 Boot
1393 2760 1503 2803 (obs.
1542 2759 1641 2793 crit.'
1677 2769 1715 2809 13.
1744 2759 1813 2800 13),

78 2821 82 2825 ’
119 2811 230 2845 ‘nimis
255 2811 402 2847 licenter
427 2812 440 2856 ΙΙ
468 2814 499 2846 3.
528 2812 594 2845 aut
618 2810 773 2845 balbum
800 2810 834 2846 G
865 2811 876 2854 ΙΙ
908 2813 938 2843 4.
965 2808 1133 2852 legatum
1158 2805 1308 2850 quidem
1334 2805 1497 2839 accessio
1527 2805 1558 2840 G
1590 2806 1601 2848 ΙΙ
1633 2808 1663 2839 8.
1691 2814 1813 2849 lgnos-

122 2856 240 2892 cimus
264 2857 302 2892 R
326 2859 338 2903 ΙΙ
363 2862 394 2894 9.
421 2859 485 2904 qui
507 2863 679 2894 secuntur
702 2868 842 2900 versus,
872 2868 916 2891 εει,-
942 2855 1062 2889 Ennii
1086 2854 1215 2888 Medea
1248 2854 1350 2888 catule
1376 2853 1486 2897 petiti
1515 2857 1609 2886 sunt.
1653 2852 1698 2894 ef.
1725 2851 1813 2886 Mb-

122 2905 204 2939 beck
227 2905 274 2948 fr.
294 2906 408 2951 tram
427 2918 466 2951 p.
488 2909 532 2940 43
546 2917 609 2951 sq„
636 2907 737 2940 ‘roim
761 2903 954 2949 Trayo'die’
977 2913 1015 2946 p.
1034 2904 1099 2935 149
1112 2912 1175 2945 sq„
1201 2900 1298 2934 hhm.
1321 2898 1590 2951 ed3L3M-zizle213
1609 2908 1647 2942 p.
1664 2898 1815 2943 1143411

123 2950 292 2986 Corinthi
316 2953 520 2988 Lambinus
538 2954 550 2998 ΙΙ
568 2951 735 2987 habebat
760 2951 795 2985 R
814 2952 826 2995 ΙΙ
845 2949 1039 2994 opulentas
1067 2948 1101 2983 G
1125 2949 1136 2992 ΙΙ
1165 2951 1219 2981 11.
1247 2947 1518 2991 cypsat1ssnnis
1545 2946 1647 2989 (cips.
1677 2945 1725 2988 G)
1751 2945 1786 2978 ,Ω
1804 2951 1815 2990 ,ᾗ

123 2997 192 3033 illa
217 2998 251 3034 G
275 3000 288 3044 ΙΙ
317 3003 370 3035 13.
396 2999 560 3046 patriam
588 2999 677 3035 GR¹
708 3000 719 3043 n
752 3001 806 3032 15.
833 2998 932 3031 certe
957 2997 997 3029 tu
1027 2995 1060 3029 G
1087 2996 1099 3039 ΙΙ
1130 2997 1181 3029 16.
1210 2993 1280 3028 alis
1306 2994 1359 3037 M,
1387 3005 1474 3028 corr.
1502 2992 1549 3026 M
1555 2997 1567 3012 s
1591 2993 1603 3036 ΙΙ
1627 2991 1816 3026 britannia

126 3045 214 3090 GR,
251 3045 462 3082 brittannia
492 3047 553 3090 M,
592 3047 686 3092 quod
716 3046 801 3088 fort.
833 3044 970 3079 servari
999 3045 1159 3087 poterat,
1197 3042 1243 3084 cf.
1276 3041 1464 3075 ,S'eclmcmn
1499 3039 1749 3083 ‘Aussprache
1780 3040 1815 3074 cl.

125 3092 279 3127 Latein’
310 3097 437 3138 p.129
469 3096 481 3139 ΙΙ
514 3097 567 3128 17.
601 3091 761 3138 capiaris
795 3092 829 3126 G
859 3092 870 3135 ΙΙ
903 3094 957 3124 19.
992 3087 1064 3122 sibi
1095 3099 1160 3123 om.
1191 3089 1224 3123 G
1254 3089 1266 3133 ΙΙ
1297 3098 1369 3121 non
1401 3085 1483 3130 quit
1517 3085 1622 3130 (quid
1649 3086 1698 3131 G)
1724 3085 1816 3129 ΜΘ,

125 3138 263 3183 nequid
289 3140 325 3175 R
344 3141 356 3185 ΙΙ
374 3142 623 3185 nequicquam
649 3140 685 3175 R
705 3141 716 3183 ΙΙ
735 3142 790 3173 20.
816 3139 859 3172 ut
885 3135 1008 3182 sapias
1038 3136 1071 3170 G
1089 3136 1101 3180 ΙΙ
1120 3138 1175 3170 23.
1203 3134 1435 3169 commodare
1458 3134 1503 3178 G,
1529 3136 1615 3167 cons
1642 3132 1730 3168 dare
1750 3133 1786 3168 R
1805 3134 1816 3180 Ι*

126 3188 182 3222 26.
209 3184 364 3233 Quinto]
390 3188 423 3232 q'
449 3188 504 3232 M,
530 3200 564 3232 q.
593 3188 638 3231 G,
664 3196 735 3231 que
760 3186 797 3221 R
816 3186 828 3230 11
847 3184 1066 3220 adferuntur
1090 3184 1216 3226 «31127,
1242 3181 1298 3215 ita.
1323 3182 1380 3216 est
1406 3181 1478 3217 GR

1463 3239 1535 3275 11*
