2242 3496
358 709 377 738 ῐῦ

356 2350 374 2378 [ἐκ

412 168 464 208 76
1008 168 1054 201 Μ.
1084 167 1223 201 TVLLI
1250 167 1500 205 CICERONIS

405 275 771 329 doctissimorum,
811 289 916 328 quos
957 289 1125 328 semper
1163 275 1356 330 coluisti,
1396 280 1627 331 praecepta
1657 281 1700 320 te
1731 279 1915 335 fugiunt.
1975 284 2103 336 atque

405 345 496 399 ipse
536 349 661 387 antea
694 346 745 386 ad
778 349 819 385 te
853 344 1122 398 scripsissem
1163 347 1206 387 te
1247 345 1411 388 frustra
1442 347 1487 388 in
1519 351 1717 390 senatum
1755 351 1843 393 sive
1882 352 2027 406 potius
2059 352 2104 393 in

406 419 659 457 conventum
706 418 952 456 senatorum
997 429 1089 456 esse
1133 419 1380 471 venturum,
1424 417 1468 458 ni
1507 418 1670 460 veritus
1715 435 1871 476 essem,
1915 437 1967 463 ne
2013 422 2102 463 eius

405 486 594 527 animum
628 485 897 540 offenderem,
929 486 1002 539 qui
1035 500 1059 527 a
1091 500 1170 541 me,
1202 490 1250 528 ut
1282 490 1325 528 te
1358 487 1562 542 imitarer,
1594 489 1786 542 petebat:
1831 492 1898 533 cui
1931 492 2103 546 quidem

405 571 495 611 ego,
529 571 624 597 cum
657 571 723 597 me
756 558 942 611 rogaret,
974 559 1023 597 ut
1055 557 1248 598 adessem
1281 558 1325 598 in
1357 561 1530 613 senatu,
1563 560 1709 601 eadem
1743 561 1904 615 omnia,
1937 577 2045 616 quae
2079 577 2103 603 a

404 630 446 668 te
479 628 527 667 de
560 641 663 680 pace
697 629 739 667 et
771 626 821 667 de
855 626 1077 681 Hispaniis
1117 628 1233 669 dicta
1271 631 1387 682 sunt,
1431 630 1598 670 ostendi
1637 645 1704 672 me
1744 645 1836 673 esse
1875 632 2102 674 dicturum.

405 712 470 738 res
503 697 619 737 vides
654 711 737 750 quo
771 697 897 739 modo
932 712 976 739 se
1008 698 1186 740 habeat:
1219 699 1366 740 orbem
1395 702 1606 741 terrarum
1634 701 1826 755 imperiis
1860 702 2103 745 distributis

404 768 548 808 ardere
582 767 714 822 bello;
751 768 903 809 urbem
938 768 1027 810 sine
1058 769 1248 825 legibus,
1286 770 1376 811 sine
1409 770 1598 825 iudiciis,
1631 772 1722 813 sine
1755 771 1865 827 iure,
1899 773 1989 814 sine
2022 774 2103 815 fide

402 838 597 879 relictam
630 838 860 893 direptioni
893 842 936 880 et
967 839 1195 882 incendiis:
1228 841 1374 895 itaque
1408 841 1514 882 mihi
1541 842 1684 884 venire
1710 843 1756 883 in
1783 846 1969 885 mentem
1995 844 2103 885 nihil
2123 837 2138 858 '⁸

401 911 545 963 potest
576 924 663 950 non
695 910 834 963 modo,
869 911 980 965 quod
1014 926 1199 966 sperem,
1233 912 1305 953 sed
1337 911 1426 966 vix,
1458 913 1543 954 iam
1577 913 1691 967 quod
1723 914 1902 955 audeam
1935 917 2102 970 optare3

402 979 468 1019 sin
501 982 644 1026 autem
684 979 782 1033 tibi,
823 980 998 1022 homini>
1025 983 1380 1036 prudentissimo,
1418 983 1587 1024 videtur
1618 984 1725 1025 utile
1765 999 1856 1026 esse
1895 999 1974 1026 nos
2008 1000 2103 1026 con-

401 1049 532 1104 loqui,
565 1065 826 1104 quamquam
857 1051 1029 1107 longius
1063 1053 1194 1094 etiam
1222 1053 1467 1109 cogitabam
1502 1054 1554 1095 ab
1587 1055 1692 1095 urbe
1720 1055 1946 1109 discedere,
1983 1056 2103 1097 cuius

402 1121 486 1161 iam
520 1121 650 1162 etiam
682 1136 839 1163 nomen
870 1122 1032 1163 invitus
1066 1123 1212 1176 audio,
1248 1126 1394 1165 tamen
1426 1124 1602 1178 propius
1636 1125 1851 1179 accedam,
1884 1124 2105 1167 Trebatio·

402 1206 482 1245 que
515 1191 725 1249 mandavi,
757 1195 816 1246 ut,
849 1193 885 1233 si
913 1193 1015 1248 quid
1042 1198 1090 1234 tu
1117 1207 1213 1234 eum
1246 1194 1377 1235 velles
1405 1194 1457 1235 ad
1484 1209 1549 1235 me
1578 1195 1762 1249 mittere,
1793 1210 1846 1236 ne
1873 1199 2103 1251 recusaret,

402 1262 527 1315 idque
567 1265 615 1303 ut
652 1262 785 1304 facias
824 1264 954 1304 velim
987 1267 1062 1305 aut
1095 1265 1131 1305 si
1166 1279 1292 1318 quem
1330 1267 1505 1306 tuorum
1542 1266 1733 1307 fidelium
1771 1266 1907 1321 voles,
1951 1267 2002 1308 ad
2035 1282 2102 1308 me

402 1333 569 1388 mittas,
612 1347 666 1375 ne
705 1337 780 1375 aut
818 1334 899 1375 tibi
937 1335 1051 1376 exire
1091 1350 1141 1376 ex
1179 1335 1285 1377 urbe
1323 1350 1496 1377 necesse
1536 1336 1592 1377 sit
1630 1339 1705 1377 aut
1744 1336 1850 1377 mihi
1893 1338 2103 1379 accedere.

401 1418 480 1459 ego
514 1407 684 1445 tantum
718 1405 799 1446 tibi
832 1405 996 1460 tribuo,
1035 1408 1245 1460 quantum
1284 1406 1389 1447 mihi
1427 1406 1613 1448 fortasse
1653 1407 1832 1462 adrogo,
1873 1409 1921 1448 ut
1959 1408 2103 1462 explo-

401 1477 544 1516 ratum
587 1475 789 1531 habeam,
835 1476 1037 1531 quicquid
1074 1491 1153 1518 nos
1197 1477 1413 1518 communi
1458 1477 1673 1519 sententia
1718 1478 2017 1533 statuerimus,
2061 1479 2104 1520 id

403 1561 549 1587 omnes
581 1546 778 1588 homines
810 1548 1081 1601 probaturos.
1133 1548 1238 1589 vale.

1132 1666 1185 1707 Π.
1231 1664 1368 1722 (162.)

785 1759 841 1801 M.
875 1758 1086 1802 CICERO
1123 1760 1164 1802 s,
1198 1760 1247 1801 D.
1282 1760 1403 1802 sna.
1439 1759 1718 1802 SVLPICIO.

523 1842 571 1883 A.
601 1844 637 1884 d.
664 1855 715 1884 111
743 1842 794 1884 Κ.
822 1842 959 1884 Maias
993 1858 1089 1884 cum
1122 1858 1259 1884 essem
1291 1843 1335 1884 in
1368 1841 1583 1897 Cumano,
1615 1843 1758 1896 accepi
1792 1846 1888 1885 tua-s
1921 1844 2103 1900 litteras,

402 1914 556 1967 quibus
588 1913 712 1954 lectis
746 1914 928 1968 cognovi
960 1928 1046 1954 11011
1079 1914 1185 1955 satis
1217 1914 1449 1968 prudenter
1486 1913 1637 1954 fecisse
1671 1913 1974 1969 Philotimum,
2015 1915 2101 1970 qui,

402 2000 498 2025 cum
531 1985 606 2025 abs
640 1987 681 2025 te
714 1984 917 2025 mandata
942 1984 1134 2039 haberet,
1167 1987 1214 2025 ut
1246 1984 1413 2038 scribis,
1449 1984 1498 2025 de
1527 1983 1726 2025 omnibus
1753 1984 1894 2039 rebus,
1926 1985 2018 2039 ipse
2051 1985 2103 2026 ad

402 2070 467 2096 me
511 2069 599 2096 non
643 2055 848 2109 venisset,
891 2055 1061 2097 litteras
1104 2058 1200 2096 tuas
1243 2055 1453 2109 misisset,
1497 2069 1602 2109 quas
1647 2055 1840 2096 intellexi
1883 2055 2101 2097 breviores

402 2126 552 2180 fuisse,
592 2126 704 2179 quod
738 2141 835 2167 911111
866 2126 1136 2180 perlaturum
1173 2129 1391 2180 putasses,
1430 2126 1503 2167 sed
1541 2128 1704 2180 tamen,
1742 2128 1974 2180 postquam
2005 2129 2102 2168 tuas

402 2197 571 2237 litteras
615 2197 720 2252 legi,
772 2196 995 2238 Postumia
1039 2200 1114 2238 tua
1158 2212 1224 2238 me
1270 2197 1470 2238 convenit
1514 2199 1557 2237 et
1602 2195 1775 2238 Servius
1818 2199 1984 2238 noster:
2033 2197 2102 2238 his

401 2268 580 2322 placuit,
618 2271 667 2308 ut
704 2271 753 2309 tu
790 2268 835 2309 in
867 2267 1107 2310 Cumanum
1146 2268 1331 2323 venires,
1373 2268 1485 2322 quod
1525 2267 1656 2309 etiam
1695 2282 1862 2309 mecum
1893 2270 1942 2308 ut
1973 2268 2027 2309 ad
2058 2271 2101 2310 te

403 2339 633 2380 scriberem
666 2342 858 2394 egerunt.
910 2340 1022 2394 quod
1055 2355 1198 2381 meum
1231 2339 1459 2381 consilium
1492 2338 1698 2393 exquiris,
1736 2338 1778 2378 id
1812 2340 1878 2378 est
1910 2338 2018 2393 tale,
2052 2342 2102 2380 ut

402 2424 551 2464 capere
583 2409 753 2451 facilius
786 2410 876 2464 ipse
909 2410 1073 2464 possim
1107 2425 1234 2464 quam
1269 2410 1393 2451 alteri
1427 2410 1544 2463 dare3
1583 2409 1685 2463 quid
1718 2409 1831 2450 enim
1864 2411 1948 2463 est,
1987 2410 2100 2463 quod

401 2481 578 2521 audeam
623 2481 799 2522 suadere
842 2481 941 2535 tibi,
983 2481 1149 2522 homini
1195 2496 1363 2522 summa
1408 2479 1665 2521 auctoritate
1710 2493 1960 2533 summaque
2004 2495 2101 2534 pru-

402 2551 574 2591 dentia?
626 2551 679 2605 si,
722 2551 822 2605 quid
861 2551 1151 2593 rectissimum
1191 2552 1267 2606 sit,
1308 2551 1574 2605 quaerimus,
1614 2549 1888 2603 perspicuum
1926 2552 2009 2604 est,
2051 2551 2100 2605 si,

403 2621 503 2674 quid
536 2621 719 2662 maxime
753 2622 968 2677 expediat,
1007 2622 1255 2678 obscurum3
1294 2623 1359 2663 sin
1392 2622 1429 2663 ei
1463 2636 1628 2674 sumus,
1667 2620 1739 2674 qui
1778 2620 1972 2675 profecto
2006 2635 2098 2661 esse

522 2741 550 2771 1.
578 2738 778 2782 praecepta
809 2739 845 2772 te
879 2739 967 2782 GR,
1006 2740 1203 2784 praecepte
1238 2739 1286 2773 M
1312 2740 1324 2783 11
1355 2742 1385 2772 5.
1421 2750 1504 2772 cum
1540 2748 1599 2771 me
1636 2737 1724 2780 GR,
1763 2747 1906 2770 mecum
1941 2746 1999 2769 me
2033 2736 2081 2770 M
2090 2736 2101 2781 {2

404 2784 571 2818 adessem
596 2785 645 2819 M
649 2785 657 2805 ¹
683 2797 726 2820 θα)
753 2785 901 2820 adesset
931 2788 941 2829 ΙΙ
975 2790 1003 2820 7.
1032 2798 1108 2820 rem
1134 2787 1202 2821 alii
1222 2798 1291 2830 pro
1317 2797 1392 2829 res,
1423 2785 1590 2819 habeant
1622 2785 1689 2818 aliz·
1716 2795 1786 2828 pro
1817 2782 1958 2816 habeat
1982 2783 2098 2817 volue-

405 2836 505 2864 runt.-
541 2834 659 2866 neutri
685 2833 861 2867 audiendi
891 2834 902 2876 ΙΙ
935 2837 964 2866 9.
992 2833 1116 2867 uenire
1143 2833 1234 2867 mihi
1264 2833 1296 2867 G
1328 2834 1339 2877 ΙΙ
1372 2837 1424 2866 10.
1453 2832 1552 2876 quod
1578 2832 1631 2874 R,
1658 2830 1748 2874 quid
1773 2830 1854 2864 MG
1885 2830 1896 2872 ΙΙ
1927 2829 2026 2881 quod
2052 2830 2100 2882 R,

405 2876 493 2919 quid
520 2879 598 2912 ΜΗ
619 2881 629 2922 ΙΙ
651 2883 703 2913 13.
727 2883 781 2913 14.
808 2879 970 2913 trebatio
998 2881 1033 2914 R
1059 2882 1070 2924 Η
1098 2884 1150 2915 18.
1178 2879 1365 2914 communi
1392 2878 1577 2914 sententia
1605 2878 1676 2913 GR
1701 2877 1804 2921 (1111),
1831 2887 2043 2928 communis·
2060 2888 2100 2929 111

405 2925 606 2959 sententias
632 2927 681 2960 M
706 2927 717 2969 11
750 2930 803 2960 19,
832 2926 914 2960 vale
941 2938 1006 2961 om.
1036 2928 1068 2962 G
1100 2930 1110 2971 ΙΙ
1142 2932 1196 2961 21.
1225 2929 1493 2971 ‘inscriptionem
1522 2937 1587 2960 om.
1613 2925 1650 2959 R
1681 2925 1692 2967 ΙΙ
1723 2934 1829 2957 arcus
1856 2923 1903 2957 M
1917 2923 2098 2975 [1891111110

406 2971 563 3013 suspicio
586 2973 632 3006 M
647 2975 657 3016 ΙΙ
678 2977 731 3007 22.
753 2973 812 3018 K]
840 2973 923 3007 idus
943 2974 979 3008 R
999 2976 1010 3017 Η
1029 2973 1172 3008 litteras
1199 2975 1284 3009 tuas
1306 2975 1377 3009 GR
1397 2976 1408 3017 ΙΙ
1428 2977 1482 3007 23.
1505 2970 1642 3023 agnou-i
1664 2970 1734 3004 GR
1753 2971 1764 3014 ΙΙ
1784 2973 1838 3003 25.
1860 2971 2024 3023 uenisset
2043 2971 2099 3014 M,

406 3016 508 3050 uenit
535 3019 597 3051 sed
627 3020 707 3054 GR.
747 3021 792 3062 cf.
818 3021 1006 3055 Lehmann
1030 3034 1067 3064 p.
1090 3025 1133 3054 26
1147 3033 1196 3066 sq.
1229 3023 1240 3065 ΙΙ
1271 3021 1434 3055 misisset
1460 3020 1517 3061 M,
1550 3019 1653 3051 namt
1680 3017 1750 3051 GR
1771 3018 1793 3069 .ss
1811 3016 2005 3068 'breuloris
2032 3017 2099 3070 M·;

406 3067 459 3096 29.
488 3066 623 3109 meum}
658 3077 800 3100 mecum
831 3068 864 3100 ,Ω
902 3069 913 3111 ΙΙ
950 3071 1003 3101 30.
1038 3079 1187 3112 caperes
1221 3070 1254 3102 ,Ω
1288 3070 1299 3112 ΙΙ
1334 3067 1405 3112 ipsi
1439 3067 1510 3102 GR
1544 3067 1555 3109 ΙΙ
1589 3068 1643 3098 31.
1677 3063 1820 3097 hum1n1
1855 3064 1900 3097 Μ
1927 3065 1938 3107 ΙΙ
1969 3068 2022 3098 32.
2051 3065 2100 3098 Sit

406 3121 469 3144 om.
500 3111 532 3145 G
558 3114 569 3154 ll
596 3116 648 3145 33
676 3112 724 3158 ei]
751 3113 779 3146 ii
805 3115 838 3147 ,Ω

2125 928 2156 953 10

2125 1280 2157 1305 15

2124 1681 2158 1706 20

2123 2068 2156 2094 25

2121 2423 2155 2447 30
