2242 3496
407 177 489 218 144
1004 171 1050 207 M.
1079 171 1220 206 TVLLI
1247 169 1498 205 CICERONIS

404 287 614 341 deberem,
646 289 694 326 tu
721 297 889 338 quoque
916 282 952 322 is
981 295 1108 334 esses,
1137 280 1209 334 qui
1235 279 1370 334 fuisti,
1404 293 1499 320 611111
1527 278 1644 320 omni
1672 279 1808 334 gradu
1835 276 2102 333 amplissimo

405 357 702 412 dignissimus,
750 357 841 394 tum
881 354 995 394 certe
1035 351 1197 392 ordinis
1237 351 1301 392 tui
1339 349 1464 391 facile
1505 350 1721 404 princeps,
1766 351 1856 404 sed,
1900 349 2104 404 quoniam

406 429 553 469 eodem
593 430 786 479 tempore
826 423 1056 476 eademque
1096 422 1146 463 de
1185 436 1315 463 causa
1352 423 1550 463 nostrum
1587 423 1781 474 uterque.
1808 420 1979 474 cecidit,
2025 419 2106 461 tibi

406 501 448 538 et
479 498 553 538 illa
585 496 810 550 polliceor,
852 508 959 549 quae
994 508 1122 548 supra
1163 492 1334 548 scripsi,
1376 507 1483 547 quae
1516 493 1617 533 sunt
1650 491 1787 532 adhuc
1820 506 1933 544 mea,
1973 493 2015 531 et
2047 505 2108 545 ea,

406 583 512 622 quae
550 568 774 620 praeterea
812 564 959 606 videor
996 564 1103 605 mihi
1143 578 1192 604 ex
1233 563 1379 617 aliqua
1416 565 1539 617 parte
1579 561 1762 602 retinere
1801 564 2024 616 tamquam
2057 575 2108 602 ex

405 637 597 691 reliquiis
636 636 845 690 pristinae
887 634 1134 690 dignitatis:
1177 648 1315 688 neque
1361 634 1475 674 enim
1513 633 1606 687 ipse
1646 631 1822 686 Caesar,
1866 635 1915 673 ut
1959 632 2108 673 multis

404 710 532 749 rebus
565 707 818 761 intellegere
850 706 992 760 potui,
1035 708 1100 746 est
1138 705 1303 746 alienus
1335 719 1359 744 a
1390 705 1517 745 nobis
1551 706 1594 745 et
1627 718 1774 745 omnes
1807 703 1893 744 fere
1928 702 2109 744 familia-

406 778 566 819 rissimi
606 777 697 818 eius
736 792 837 819 casu
876 777 1065 818 devincti
1104 776 1273 831 magnis
1315 775 1422 816 meis
1463 775 1678 816 veteribus
1718 774 1873 816 officiis
1912 788 1978 815 me
2018 772 2110 814 dili-

405 852 556 904 genter
583 849 814 890 observant
847 850 890 889 et
923 848 1081 889 colunt.
1137 847 1297 902 itaque,
1331 847 1367 887 si
1401 846 1474 900 qui
1507 846 1614 887 mihi
1647 845 1730 887 erit
1763 846 1905 887 aditus
1938 845 1988 886 de
2021 844 2109 886 tuis

404 919 611 974 fortunis,
654 918 697 959 id
736 920 801 959 est
839 918 889 959 de
929 920 1003 958 tua
1041 916 1359 971 incolumitate,
1398 916 1443 957 111
1482 931 1566 971 qua
1603 919 1705 958 sunt
1743 916 1905 972 omnia,
1942 915 2109 972 agendi,

405 991 517 1046 quod
557 989 729 1044 quidem
768 989 924 1030 cotidie
967 989 1106 1043 magis
1140 1002 1191 1029 ex
1223 1002 1372 1029 eorum
1412 988 1682 1029 sermonibus
1722 987 1907 1029 adducor
1938 990 1987 1028 ut
2020 1001 2111 1042 spe-

358 1078 364 1103 :
404 1077 516 1116 rem,
568 1075 695 1116 agam
744 1074 821 1114 per
865 1074 932 1100 me
983 1059 1076 1113 ipse
1114 1061 1164 1100 et
1209 1058 1374 1099 moliar.
1447 1058 1619 1114 singula
1668 1058 1868 1113 persequi
1912 1072 2000 1099 non
2046 1060 2111 1099 est

403 1147 595 1174 necesse:
634 1131 882 1172 universum
922 1130 1114 1172 studium
1146 1144 1290 1171 meum
1330 1131 1373 1170 et
1413 1129 1760 1171 benevolentiam
1793 1129 1845 1170 ad
1877 1132 1920 1170 te
1953 1128 2109 1170 defero.

405 1204 477 1245 sed
516 1202 661 1258 magni
701 1217 796 1243 mea
833 1202 1016 1243 interest
1052 1201 1135 1243 hoc
1173 1204 1273 1242 tuos
1315 1200 1454 1241 omnis
1495 1200 1622 1251 scire,
1668 1200 1781 1254 quod
1822 1199 1909 1241 tuis
1948 1199 2109 1241 litteris

405 1275 498 1317 fieri
535 1276 681 1329 potest
718 1277 767 1314 ut
804 1273 1081 1328 intellegant,
1120 1272 1266 1313 omnia
1299 1270 1518 1313 Ciceronis
1558 1274 1705 1326 patere
1738 1271 1965 1313 Trebiano.
2026 1271 2109 1313 hoc

405 1362 452 1388 eo
493 1346 703 1401 pertinet,
741 1348 790 1385 ut
828 1344 936 1385 nihil
977 1343 1227 1385 existiment
1264 1357 1356 1384 esse
1395 1346 1486 1384 tam
1524 1343 1718 1396 difficile,
1757 1343 1870 1397 quod
1907 1357 1995 1385 non
2031 1357 2109 1397 pro

404 1421 447 1459 te
480 1417 586 1459 mihi
620 1419 871 1471 susceptum
903 1415 1136 1457 iucundum
1168 1415 1226 1456 sit
1257 1414 1464 1456 futurum.

523 1656 665 1698 Antea
702 1655 917 1696 misissem
957 1653 1009 1694 ad
1047 1655 1090 1694 te
1123 1652 1311 1707 litteras,
1354 1652 1390 1693 si
1428 1666 1564 1707 genus
1603 1652 1818 1694 scribendi
1856 1651 2112 1706 invenirem,

405 1728 483 1770 tali
523 1728 637 1769 enim
675 1730 868 1781 tempore
909 1727 984 1766 aut
1022 1723 1237 1765 consolari
1275 1723 1513 1765 amicorum
1555 1726 1621 1764 est
1654 1726 1728 1764 aut
1760 1723 1974 1778 polliceri:
2016 1738 2111 1764 con-

404 1799 617 1841 solatione
661 1813 749 1839 non
792 1797 969 1850 utebar,
1020 1795 1134 1849 quod
1179 1810 1229 1836 ex
1274 1794 1424 1836 multis
1470 1794 1718 1847 audiebam,
1764 1809 1893 1849 quam
1937 1793 2112 1835 fortiter

404 1871 706 1925 sapienterque
757 1868 890 1910 ferres
941 1867 1147 1907 iniuriam
1200 1868 1446 1920 temporum
1492 1880 1706 1919 quamque
1751 1867 1793 1906 te
1838 1865 2112 1907 vehementer

407 1942 706 1983 consolaretur
756 1937 1020 1981 conscientia
1070 1937 1284 1978 factorum
1330 1939 1374 1978 et
1418 1936 1699 1978 consiliorum
1749 1939 1946 1990 tuorum3
1998 1935 2113 1990 quod

405 2013 578 2068 quidem
612 2012 648 2053 si
681 2011 806 2066 facis,
845 2023 1053 2064 magnum
1085 2008 1275 2050 fructum
1316 2008 1559 2049 studiorum
1597 2007 1861 2062 optimorum
1894 2006 2030 2062 capis,
2068 2007 2113 2047 in

406 2084 564 2138 quibus
598 2086 642 2124 te
675 2096 843 2135 semper
876 2080 965 2122 scio
999 2094 1091 2121 esse
1124 2082 1362 2133 versatum,
1401 2079 1527 2134 idque
1566 2081 1615 2119 ut
1652 2077 1785 2120 facias
1818 2078 1951 2120 etiam
1983 2079 2111 2131 atque

407 2155 538 2196 etiam
570 2158 613 2195 te
645 2153 809 2195 hortor.
873 2151 1001 2193 simul
1035 2153 1077 2191 et
1108 2151 1215 2191 illud
1247 2150 1346 2205 tibi,
1384 2150 1551 2191 homini
1590 2149 1855 2204 peritissimo
1894 2163 2038 2190 rerum
2071 2150 2113 2189 et

406 2226 701 2280 exemplorum
746 2226 790 2264 et
835 2222 975 2264 omnis
1022 2222 1275 2276 vetustatis,
1318 2236 1371 2262 ne
1416 2221 1508 2275 ipse
1554 2221 1725 2276 quidem
1768 2220 1906 2271 rudis,
1951 2220 2025 2262 sed
2065 2219 2111 2260 in

407 2298 549 2338 studio
584 2297 726 2338 minus
766 2295 969 2348 fortasse,
1008 2308 1137 2348 quam
1176 2293 1349 2346 vellem,
1388 2294 1467 2344 [et]
1502 2292 1546 2333 in
1578 2293 1705 2333 rebus
1739 2294 1867 2345 atque
1899 2305 1981 2333 usu
2011 2290 2109 2346 plus

407 2369 557 2423 etiam,
597 2382 725 2422 quam
763 2365 937 2419 vellem,
974 2367 1170 2405 versatus
1211 2365 1421 2418 spondeo,
1458 2363 1540 2404 tibi
1578 2363 1708 2404 istam
1748 2362 2028 2403 acerbitatem
2066 2364 2110 2403 et

406 2439 610 2480 iniuriam
654 2452 740 2479 non
784 2436 984 2477 diuturne
1026 2435 1138 2489 fore,
1183 2450 1284 2476 nam
1322 2437 1364 2476 et
1402 2435 1513 2489 ipse,
1558 2434 1631 2488 qui
1675 2426 1910 2488 plurimum
1952 2435 2109 2487 potest,

526 2617 555 2647 1.
585 2612 768 2646 debebam
795 2612 1006 2657 Wesenberg}
1037 2612 1048 2655 Η
1079 2609 1111 2644 18
1137 2609 1191 2653 R,
1217 2608 1270 2643 618
1298 2610 1358 2653 (cf.
1381 2609 1416 2644 C.
1438 2610 1469 2644 I.
1490 2610 1534 2644 L.
1561 2609 1577 2643 Ι
1605 2612 1689 2653 198,
1723 2612 1753 2643 9.
1781 2612 1836 2643 24.
1867 2611 1927 2654 83,
1965 2608 2107 2644 Ritschl

407 2673 525 2705 opusc.
541 2660 590 2694 IV
596 2661 728 2705 p.316>
743 2660 824 2694 ΜΘ
844 2660 1044 2694 arclmismo
1064 2659 1189 2700 nimio,
1209 2668 1275 2692 om.
1295 2657 1327 2691 Τ
1342 2658 1353 2701 Η
1373 2660 1403 2690 2.
1421 2656 1554 2701 dignus
1573 2657 1605 2690 T
1620 2658 1631 2701 Η
1651 2660 1681 2691 3.
1697 2658 1852 2700 uterque
1871 2657 2038 2690 nostrum
2050 2655 2084 2691 G
2096 2656 2107 2701 Η

408 2712 438 2742 3
466 2712 497 2743 4,
524 2707 596 2742 tibi
622 2708 660 2741 et
683 2706 751 2740 illa
774 2728 813 2731 —
838 2710 966 2741 1516.
991 2706 1060 2740 1106
1087 2716 1129 2739 eo
1155 2703 1318 2749 pertinet
1343 2704 1384 2737 ut
1410 2715 1474 2738 om.
1507 2705 1540 2738 T
1566 2705 1577 2748 Η
1609 2708 1638 2738 5.
1656 2707 1687 2738 6.
1715 2715 1760 2737 ex
1784 2702 1951 2747 reliquiis
1976 2703 2030 2747 R,
2062 2713 2106 2736 ex

407 2755 558 2799 reliquis
594 2755 655 2798 M,
693 2766 758 2789 om.
794 2755 827 2789 G
865 2756 876 2798 Η
914 2757 945 2788 8.
980 2764 1067 2787 casu
1106 2753 1249 2787 iniuria
1287 2752 1503 2796 qmbusdam
1539 2756 1741 2795 suspectum
1778 2753 1789 2796 Η
1827 2755 1858 2785 9.
1895 2749 2018 2784 aditus
2051 2750 2106 2793 M,

409 2803 558 2836 additus
587 2803 632 2845 G,
659 2802 809 2836 auditus
829 2802 865 2836 R
886 2803 897 2845 Η
918 2805 971 2834 10.
999 2799 1214 2834 colomitate
1234 2799 1283 2832 M
1297 2800 1308 2843 Η
1329 2802 1383 2832 11.
1412 2798 1641 2833 sermonibus
1668 2809 1794 2832 eorum
1819 2798 1855 2832 R
1873 2799 1884 2842 Η
1905 2801 1958 2831 12.
1981 2808 2106 2841 agam-

409 2860 478 2892 que
506 2850 539 2885 G
571 2851 582 2894 Η
612 2849 744 2883 molior
772 2850 804 2884 G
836 2850 847 2893 Η
881 2852 934 2882 14.
961 2847 1089 2892 magni
1115 2859 1180 2881 orm.
1207 2846 1244 2881 R
1276 2848 1288 2891 Η
1320 2850 1372 2880 16.
1400 2845 1494 2879 nihil
1520 2846 1600 2891 ceu]
1632 2845 1729 2879 nihil
1753 2844 1824 2879 erit
1849 2844 1981 2878 saltem
2008 2844 2107 2887 quod

408 2907 480 2929 11011
505 2908 570 2940 pro
597 2898 633 2930 te
664 2897 696 2931 T
729 2898 740 2941 Η
778 2895 986 2929 existimem
1012 2896 1048 2929 R
1086 2896 1097 2939 Η
1135 2904 1214 2928 6886
1241 2905 1305 2928 om.
1336 2894 1369 2928 G
1406 2895 1417 2938 Η
1456 2897 1509 2927 17.
1536 2892 1629 2926 mihi
1661 2893 1872 2935 susceptum
1903 2891 2107 2925 maximum

410 2954 553 2987 semper
579 2955 621 2977 ac
645 2947 648 2986 l
673 2944 749 2987 (fol.
775 2945 888 2987 verso)
915 2942 1117 2975 iucundum
1148 2941 1315 2975 futurum
1341 2940 1391 2974 sit
1420 2941 1452 2974 T
1467 2942 1478 2985 Η
1500 2944 1551 2974 18.
1574 2940 1763 2984 prioribus
1788 2939 1985 2973 adnectunt
2009 2939 2081 2972 ,ΩΤ
2097 2940 2108 2984 Η

411 2993 465 3023 21.
494 3001 678 3034 quamque
704 2991 793 3034 MT,
821 3001 933 3033 quam
958 3000 1053 3032 quae
1082 2990 1126 3032 G,
1154 2999 1266 3032 quam
1292 2988 1391 3031 quod
1416 2988 1452 3022 R
1473 2989 1484 3032 Η
1503 2991 1557 3021 24.
1585 2986 1661 3020 scio
1689 2996 1831 3029 semper
1850 2985 1886 3020 R
1905 2987 1916 3030 Η
1936 2985 2048 3029 idque
2065 3007 2106 3010 —-

410 3040 465 3070 25.
494 3036 618 3070 hortor
644 3049 708 3072 om.
738 3038 769 3070 T
798 3039 810 3082 Η
841 3040 896 3071 26.
924 3037 961 3070 et
988 3035 1122 3081 onmis]
1159 3035 1277 3069 omnis
1303 3036 1494 3070 Lelmnmm
1525 3036 1578 3077 (19.
1601 3034 1658 3077 95)
1689 3034 1700 3076 Η
1731 3036 1786 3067 213,
1814 3036 1869 3067 27.
1904 3033 1969 3067 sed
2001 3034 2038 3067 et
2068 3032 2108 3066 in

411 3083 534 3118 studio
565 3085 596 3117 T
618 3086 629 3128 Η
654 3088 708 3118 27.
743 3085 780 3118 et
810 3085 953 3119 seclusit
982 3084 1112 3127 Orelli,
1143 3084 1271 3117 delevit
1299 3083 1509 3126 Wesenberg}
1532 3082 1544 3125 Η
1568 3091 1656 3114 118118
1681 3079 1718 3114 R
1743 3081 1754 3124 ΙΙ
1779 3083 1835 3115 29.
1863 3078 2035 3114 diuturne
2060 3081 2106 3126 Ω,

412 3141 514 3163 —nam
544 3131 582 3164 T.
621 3132 665 3173 cf.
694 3131 896 3176 Lsmdymf
915 3131 963 3165 ad
989 3130 1147 3175 Reisw‘yii
1171 3130 1277 3164 schol.
1303 3133 1396 3175 synt.
1423 3129 1508 3162 Lat.
1530 3140 1568 3172 p.
1590 3130 1657 3160 155

2130 932 2164 957 10

2130 1286 2163 1312 15

2132 1809 2166 1834 20

2133 2163 2166 2189 25
