2242 3496
343 171 428 212 380
939 166 985 200 M.
1013 163 1153 198 TVLL[
1179 161 1429 197 CICERONIS

341 293 418 320 nec
456 278 702 331 ambitiose,
747 275 817 317 sed
855 276 904 315 ut
940 286 1018 326 pro
1062 270 1235 311 homine
1279 270 1435 311 intimo
1479 283 1528 311 ac
1571 269 1678 311 mihi
1715 270 2036 324 pernecessario

296 360 315 389 2
343 349 538 390 scribere.
596 350 693 402 peto
726 345 858 400 igitur
891 357 914 383 a
945 344 1005 395 te,
1043 343 1091 382 ut
1123 340 1167 381 in
1206 355 1254 381 ca
1293 340 1605 393 controversia,
1647 354 1776 395 quam
1813 341 1946 382 habet
1986 342 2036 383 de

341 419 472 460 fundo
506 433 600 459 cum
634 415 816 470 quodam
850 411 1136 465 Colophonio,
1170 412 1214 451 et
1245 410 1291 451 in
1323 410 1478 451 ceteris
1509 410 1658 465 rebus,
1691 413 1900 465 quantum
1933 412 2036 454 fides

340 492 414 530 tua
445 488 632 542 patietur
665 487 956 539 quantumque
990 485 1064 523 tuo
1099 481 1321 523 commodo
1359 480 1541 535 poteris,
1583 483 1756 522 tantum
1789 482 1828 523 ei
1859 482 2038 524 honoris

340 558 422 600 mei
455 572 581 598 causa
614 554 879 606 commodes,
911 552 1011 607 etsi,
1043 554 1092 593 ut
1124 551 1214 592 eius
1247 551 1508 594 modestiam
1539 552 1742 607 cognovi,
1774 552 1918 607 gravis
1955 552 2038 594 tibi
2074 559 2091 586 5

339 629 456 670 nulla
493 627 536 667 in
574 640 617 667 re
657 625 756 666 erit:
802 624 838 665 si
876 626 919 665 et
957 637 1053 664 mea
1092 622 1464 664 commendatione
1506 625 1549 664 et
1587 637 1665 664 sua
1705 623 1925 677 probibate
1970 623 2040 665 ad-

339 701 508 740 secutus
536 696 629 750 erit,
656 698 704 736 ut
731 695 781 736 de
809 709 852 736 se
880 695 986 736 bene
1015 693 1249 747 existimes,
1277 693 1422 734 omnia
1442 708 1486 735 86
1510 693 1712 748 adeptum
1741 693 2038 736 arbitrabitur.

338 772 384 809 ut
416 768 549 823 igitur
581 781 677 808 eum
709 765 890 820 recipias
931 765 975 805 in
1012 764 1141 806 fidem
1179 763 1426 819 habeasque
1465 764 1512 805 in
1547 779 1726 806 numero
1765 767 1959 820 tuorum,
1996 767 2039 806 te

336 839 608 880 vehementer
640 836 770 878 etiam
803 838 931 890 atque
964 835 1096 876 etiam
1129 849 1254 890 rogo:
1288 849 1381 891 ego,
1415 849 1522 889 quae
1559 837 1602 876 te
1627 835 1737 876 velle
1765 849 1958 891 quaeque
1986 835 2038 877 ad

336 913 376 950 te
408 908 621 963 pertinere
655 907 910 960 arbitrabor,
944 905 1088 948 omnia
1121 906 1314 948 studiose
1347 906 1664 963 diligenterque
1697 905 1868 949 curabo.
2058 912 2092 939 10

1029 1071 1157 1114 LXX.
1203 1071 1340 1130 (266.)

597 1180 654 1222 M.
680 1178 891 1222 cioERo
925 1179 970 1221 P.
999 1177 1274 1221 SERVILIO
1310 1177 1619 1222 OOLLEGAE
1655 1179 1694 1222 8.
1727 1179 1774 1223 P.

458 1286 566 1336 Quia
596 1300 683 1328 non
715 1289 782 1327 est
813 1300 995 1340 opscura
1027 1288 1103 1327 tua
1134 1286 1179 1327 in
1210 1300 1278 1328 me
1308 1285 1619 1341 benevolentia,
1652 1286 1713 1328 sic
1739 1287 1801 1342 fit,
1833 1289 1882 1328 ut
1907 1287 2035 1330 multi

339 1373 414 1412 per
445 1372 510 1399 me
543 1358 625 1399 tibi
656 1357 791 1398 velint
823 1357 1131 1412 commendari,
1164 1371 1244 1413 ego
1279 1360 1425 1399 autem
1456 1357 1602 1399 tribuo
1634 1372 1958 1414 nonnumquam
1990 1359 2036 1400 in

340 1429 504 1483 vulgus,
525 1429 597 1470 sed
616 1428 866 1483 plerumque
886 1428 1152 1484 necessariis,
1172 1431 1220 1470 ut
1239 1429 1322 1470 hoc
1342 1431 1556 1484 tempore,
1575 1443 1675 1470 nam
1696 1444 1792 1470 cum
1812 1429 1858 1471 T.
1875 1428 2034 1484 Ampio
2057 1436 2088 1462 15

339 1499 474 1540 Balbo
507 1498 613 1540 mihi
651 1514 818 1541 summa
854 1499 1129 1541 familiaritas
1166 1500 1523 1554 necessitudoque
1562 1502 1645 1541 est:
1687 1500 1777 1542 61118
1816 1501 2036 1555 libertum,

338 1570 382 1611 T.
411 1570 613 1625 Ampium
646 1569 946 1625 Menandrum,
983 1571 1205 1631 hominem
1242 1571 1359 1627 frugi
1395 1573 1439 1612 et
1471 1571 1731 1626 modestum,
1769 1574 1813 1613 et
1849 1573 2035 1626 patrono

338 1643 380 1682 et
411 1641 536 1682 nobis
569 1641 843 1683 vehementer
874 1642 1118 1697 probatum,
1150 1642 1232 1684 tibi
1266 1643 1518 1684 commendo
1545 1642 1753 1684 maiorem
1778 1642 1823 1684 in
1848 1643 2035 1684 modum.

338 1714 556 1753 vementer
599 1712 706 1753 mihi
750 1715 922 1768 gratum
969 1712 1141 1768 feceris,
1186 1713 1240 1768 si,
1285 1713 1626 1768 quibuscumque
1664 1713 1792 1755 rebus
1831 1713 1922 1755 sine
1959 1716 2036 1755 tua

338 1782 535 1823 molestia
566 1784 744 1839 poteris,
775 1784 814 1826 ei
846 1784 1149 1826 commodaris:
1183 1785 1297 1839 quod
1328 1787 1377 1826 ut
1407 1784 1553 1839 facias,
1586 1787 1628 1825 te
1660 1778 1879 1826 vementer
1905 1784 2036 1826 etiam
2055 1791 2089 1817 20

338 1855 465 1908 atque
498 1854 628 1896 etiam
660 1868 778 1911 rogo.

1019 1950 1172 1993 LXXI.
1216 1948 1352 2005 (267.)

583 2058 638 2100 M.
666 2056 876 2100 CICERO
912 2056 951 2099 8.
985 2057 1037 2099 D.
1070 2057 1116 2100 P.
1150 2055 1425 2099 SERVILIO
1460 2053 1786 2098 cOLLEeAE.
1846 2075 1851 2078 -

454 2164 615 2207 Multos
654 2164 735 2206 tibi
773 2165 1068 2207 commendem
1110 2178 1283 2206 necesse
1323 2166 1405 2218 est,
1451 2162 1656 2217 quoniam
1695 2162 1894 2204 omnibus
1931 2165 2037 2204 nota

337 2238 487 2277 nostra
517 2235 788 2278 necessitudo
822 2238 888 2277 est
920 2238 1079 2290 tuaque
1113 2249 1216 2291 erga
1241 2249 1309 2276 me
1334 2233 1650 2290 benivolentia,
1682 2234 1756 2275 sed
1781 2235 1928 2275 tamen
1953 2233 2036 2275 etsi
2055 2251 2090 2278 25

340 2306 529 2347 omnium
562 2322 706 2362 causa,
745 2322 852 2361 quos
885 2307 1154 2362 commendo,
1192 2306 1302 2348 velle
1335 2306 1487 2360 debeo,
1527 2307 1675 2346 tamen
1706 2319 1803 2347 eum
1836 2293 2036 2346 omnibus

337 2391 423 2418 non
461 2378 607 2419 eadem
651 2378 757 2420 mihi
804 2393 931 2420 causa
969 2381 1046 2420 est.
1108 2377 1153 2419 T.
1186 2377 1379 2433 Agusius
1418 2379 1461 2418 et
1500 2391 1643 2418 comes
1681 2390 1802 2417 meus
1838 2375 1923 2417 fuit
1959 2375 2035 2417 illo

338 2448 576 2490 miserrimo
604 2452 797 2504 tempore
825 2452 868 2491 et
894 2448 1086 2491 omnium
1111 2449 1318 2490 itinerum
1341 2447 1683 2503 navigationum,
1708 2447 1908 2488 laborum
1927 2445 2038 2501 peri-

340 2519 532 2560 culorum
564 2535 756 2562 meorum
788 2521 941 2575 socius,
973 2535 1111 2575 neque
1143 2520 1226 2561 hoe
1257 2522 1451 2573 tempore
1485 2518 1755 2560 discessisset
1787 2532 1812 2558 a
1840 2532 1920 2572 me,
1951 2517 2037 2558 nisi

339 2603 418 2644 ego
446 2590 483 2631 ei
509 2591 817 2644 permisissem:
851 2606 981 2646 quare
1009 2591 1069 2633 816
1094 2591 1177 2632 tibi
1205 2605 1302 2632 eum
1329 2589 1594 2649 commendo,
1617 2591 1667 2630 ut
1692 2603 1826 2630 unum
1852 2588 1902 2630 de
1928 2588 2036 2629 meis
2055 2605 2092 2631 30

458 2746 487 2777 1.
515 2741 735 2777 ambitiosae
761 2743 810 2776 M
835 2744 846 2788 ΙΙ
877 2746 908 2778 4.
937 2742 970 2777 ei
997 2742 1093 2786 HD,
1126 2743 1164 2776 et
1188 2742 1237 2776 M
1263 2742 1274 2785 ΙΙ
1307 2744 1336 2775 6.
1365 2740 1443 2774 ulla
1475 2739 1546 2775 erit
1570 2739 1610 2774 in
1638 2750 1678 2774 re
1703 2739 1749 2774 H
1774 2740 1786 2784 ΙΙ
1818 2742 1849 2774 7.
1876 2739 1920 2773 ut
1944 2738 2036 2783 HD,

339 2788 377 2821 ui
396 2789 445 2823 M
457 2791 468 2833 ΙΙ
486 2789 581 2824 bene
606 2802 671 2824 om.
693 2790 736 2824 H
750 2792 761 2835 Η
781 2790 996 2835 ademptum
1016 2790 1065 2823 M
1079 2792 1089 2834 ΙΙ
1110 2787 1314 2824 arbitratur
1333 2788 1379 2822 H
1393 2791 1404 2830 ΙΙ
1423 2791 1456 2822 8.
1481 2787 1593 2821 fidem
1618 2785 1779 2834 (tuam)
1800 2787 2006 2821 Lambinus
2023 2786 2035 2832 Η

341 2839 394 2870 10.
421 2836 578 2871 arbitror
605 2837 647 2871 H
662 2839 673 2881 Η
702 2837 849 2872 curabo.
894 2837 979 2871 uale
1005 2837 1044 2871 D
1068 2838 1079 2881 Η
1107 2840 1160 2870 13.
1188 2835 1241 2870 816
1266 2836 1322 2881 fit]
1349 2836 1392 2869 fit
1417 2835 1639 2880 W'esenbery.
1685 2839 1724 2869 at
1748 2835 1795 2876 cf.
1819 2833 1859 2868 Ο.
1879 2833 2037 2878 Rebliny

343 2882 352 2897 ‘
365 2882 519 2917 Vei-such
532 2895 556 2918 e.
570 2884 854 2919 Charakteristz'k
869 2886 997 2919 (ΖΛ-01η.
1015 2884 1283 2929 Umyaozysspr.'
1299 2883 1558 2926 (Kilon.1883)
1568 2893 1605 2926 p.
1615 2885 1659 2916 27
1680 2885 1714 2916 et
1728 2880 1764 2916 C.
1776 2880 1820 2914 F.
1832 2880 1887 2914 W.
1900 2880 2037 2915 Mz'iller

345 2929 412 2963 Cic.
433 2941 487 2973 op.
508 2930 568 2973 IV,
592 2935 607 2963 1
637 2933 684 2965 cccl
699 2943 737 2975 p.
758 2934 837 2975 283,
861 2934 878 2964 7
899 2933 910 2976 Η
931 2935 984 2965 14.
1013 2930 1107 2977 (id)
1125 2930 1250 2964 tribuo
1271 2931 1494 2974 lVesenbergJ,
1513 2929 1666 2963 iniuria.
1699 2928 1745 2970 cf.
1765 2928 1814 2962 ad
1833 2926 1928 2970 XIII,
1944 2929 1976 2969 9,
1991 2931 2010 2961 2
2024 2926 2036 2972 Η

344 2979 396 3008 15.
423 2978 463 3009 ut
489 2988 519 3019 ς,
545 2977 583 3010 111
606 2980 645 3011 Ψ
661 2980 671 3021 ΙΙ
692 2982 744 3012 17.
772 2980 797 3012 t.
826 2978 991 3023 ampium
1015 2989 1059 3013 eoe
1083 2980 1162 3012 tam
1180 2976 1284 3022 pium
1303 2976 1370 3011 Dl.
1408 2977 1488 3010 tam
1506 2975 1610 3020 pium
1629 2975 1675 3009 H
1689 2976 1700 3016 ΙΙ
1721 2977 1774 3008 19.
1796 2978 1829 3008 et
1848 2977 1903 3008 20.
1924 2973 2035 3010 uehe-

342 3024 482 3056 menter
507 3024 585 3057 HD
604 3027 614 3068 11
634 3028 688 3059 23.
717 3037 743 3059 8.
771 3025 804 3059 d.
824 3037 858 3069 p.
879 3038 914 3070 p.
942 3025 980 3059 D
998 3027 1010 3070 ll
1029 3024 1195 3070 collegae
1215 3024 1282 3059 sal.
1304 3024 1345 3057 H
1361 3024 1372 3068 ΙΙ
1392 3026 1447 3058 27.
1469 3032 1582 3057 causa
1607 3020 1700 3054 mihi
1725 3020 1796 3065 ΗΠ
1814 3020 1873 3066 Τ.]
1898 3020 1938 3056 L.
1965 3021 2011 3055 H
2033 3020 2036 3066 Ι

342 3068 502 3112 Agusius
534 3071 724 3115 (augusius
757 3073 833 3117 H)]
870 3073 914 3115 ef.
948 3073 1088 3107 Jordan
1122 3073 1219 3107 ‘ko-it.
1246 3071 1361 3106 Beitr.
1387 3081 1416 3106 ε,
1444 3070 1488 3105 G.
1518 3069 1551 3103 d.
1580 3069 1640 3103 lat.
1674 3068 1772 3112 Spr?
1800 3079 1840 3112 p.
1867 3071 1934 3101 112
1954 3079 2004 3113 sq.
2032 3068 2036 3114 Ι

343 3118 398 3149 29.
424 3115 524 3161 mess,
550 3121 568 3150 1
590 3119 656 3152 litt.
677 3130 736 3162 er„
761 3120 809 3153 M
