<?xml version="1.0" encoding="UTF-8"?>
<!DOCTYPE html PUBLIC "-//W3C//DTD XHTML 1.0 Transitional//EN"
    "http://www.w3.org/TR/xhtml1/DTD/xhtml1-transitional.dtd">
<html xmlns="http://www.w3.org/1999/xhtml" xml:lang="en" lang="en">
 <head>
  <title>
</title>
<meta http-equiv="Content-Type" content="text/html;charset=utf-8" />
  <meta name='ocr-system' content='tesseract 3.04.00' />
  <meta name='ocr-capabilities' content='ocr_page ocr_carea ocr_par ocr_line ocrx_word'/>
</head>
<body>
  <div class='ocr_page' id='page_1' title='image "./epistularumlibri00ciceuoft_0403.png"; bbox 0 0 2242 3496; ppageno 0'>
   <div class='ocr_carea' id='block_1_1' title="bbox 513 217 1851 261">
    <p class='ocr_par' dir='ltr' id='par_1_1' title="bbox 513 217 1851 261">
     <span class='ocr_line' id='line_1_1' title="bbox 513 217 1851 261; baseline 0.005 -10"><span class='ocrx_word' id='word_1_1' title='bbox 513 217 849 252; x_wconf 67' lang='lat' dir='ltr'><strong>EPIS&#39;IW&#39;LARVM</strong></span> <span class='ocrx_word' id='word_1_2' title='bbox 880 218 971 254; x_wconf 76' lang='lat' dir='ltr'><strong>xlll.</strong></span> <span class='ocrx_word' id='word_1_3' title='bbox 999 223 1054 254; x_wconf 71' lang='lat'><strong>29.</strong></span> <span class='ocrx_word' id='word_1_4' title='bbox 1082 223 1136 254; x_wconf 83' lang='grc'><strong>30.</strong></span> <span class='ocrx_word' id='word_1_5' title='bbox 1165 223 1219 254; x_wconf 75' lang='lat'><strong>31.</strong></span> <span class='ocrx_word' id='word_1_6' title='bbox 1248 224 1301 253; x_wconf 70' lang='lat'><strong>32.</strong></span> <span class='ocrx_word' id='word_1_7' title='bbox 1330 223 1384 254; x_wconf 74' lang='lat'><strong>33.</strong></span> <span class='ocrx_word' id='word_1_8' title='bbox 1413 222 1466 254; x_wconf 76' lang='lat'><strong>34.</strong></span> <span class='ocrx_word' id='word_1_9' title='bbox 1766 220 1851 261; x_wconf 67' lang='lat'><strong>302}</strong></span> 
     </span>
    </p>
   </div>
   <div class='ocr_carea' id='block_1_2' title="bbox 158 326 1855 596">
    <p class='ocr_par' dir='ltr' id='par_1_2' title="bbox 158 326 1855 596">
     <span class='ocr_line' id='line_1_2' title="bbox 159 326 1852 384; baseline 0.001 -15"><span class='ocrx_word' id='word_1_10' title='bbox 159 326 337 369; x_wconf 80' lang='lat' dir='ltr'><strong>adfirmo</strong></span> <span class='ocrx_word' id='word_1_11' title='bbox 365 350 419 355; x_wconf 92' lang='lat'>—</span> <span class='ocrx_word' id='word_1_12' title='bbox 447 341 582 381; x_wconf 90' lang='lat' dir='ltr'><strong>neque</strong></span> <span class='ocrx_word' id='word_1_13' title='bbox 610 327 652 368; x_wconf 90' lang='lat' dir='ltr'><strong>id</strong></span> <span class='ocrx_word' id='word_1_14' title='bbox 680 327 915 369; x_wconf 87' lang='lat' dir='ltr'><strong>ambitione</strong></span> <span class='ocrx_word' id='word_1_15' title='bbox 943 328 1151 370; x_wconf 87' lang='lat' dir='ltr'><strong>adductus</strong></span> <span class='ocrx_word' id='word_1_16' title='bbox 1176 328 1302 384; x_wconf 87' lang='lat' dir='ltr'><strong>facio,</strong></span> <span class='ocrx_word' id='word_1_17' title='bbox 1333 328 1407 370; x_wconf 86' lang='lat' dir='ltr'><strong>sed</strong></span> <span class='ocrx_word' id='word_1_18' title='bbox 1433 343 1530 370; x_wconf 85' lang='lat' dir='ltr'><strong>cum</strong></span> <span class='ocrx_word' id='word_1_19' title='bbox 1557 328 1852 371; x_wconf 68' lang='lat' dir='ltr'><strong>familiaritate</strong></span> 
     </span>
     <span class='ocr_line' id='line_1_3' title="bbox 158 397 1855 453; baseline 0.002 -15"><span class='ocrx_word' id='word_1_20' title='bbox 158 400 201 439; x_wconf 90' lang='lat' dir='ltr'><strong>et</strong></span> <span class='ocrx_word' id='word_1_21' title='bbox 238 397 570 453; x_wconf 76' lang='lat' dir='ltr'><strong>necessitudine,</strong></span> <span class='ocrx_word' id='word_1_22' title='bbox 615 401 707 440; x_wconf 92' lang='lat' dir='ltr'><strong>tum</strong></span> <span class='ocrx_word' id='word_1_23' title='bbox 745 398 877 440; x_wconf 87' lang='lat' dir='ltr'><strong>etiam</strong></span> <span class='ocrx_word' id='word_1_24' title='bbox 916 400 1095 441; x_wconf 85' lang='lat' dir='ltr'><strong>veritate</strong></span> <span class='ocrx_word' id='word_1_25' title='bbox 1129 425 1184 429; x_wconf 87' lang='lat'><strong>——</strong></span> <span class='ocrx_word' id='word_1_26' title='bbox 1219 404 1261 442; x_wconf 86' lang='lat' dir='ltr'><strong>te</strong></span> <span class='ocrx_word' id='word_1_27' title='bbox 1298 415 1348 442; x_wconf 83' lang='lat' dir='ltr'><strong>ex</strong></span> <span class='ocrx_word' id='word_1_28' title='bbox 1381 398 1425 442; x_wconf 88' lang='lat' dir='ltr'><strong>C.</strong></span> <span class='ocrx_word' id='word_1_29' title='bbox 1452 398 1591 441; x_wconf 84' lang='lat' dir='ltr'><strong>Flavii</strong></span> <span class='ocrx_word' id='word_1_30' title='bbox 1630 399 1772 441; x_wconf 87' lang='lat' dir='ltr'><strong>officio</strong></span> <span class='ocrx_word' id='word_1_31' title='bbox 1812 404 1855 441; x_wconf 89' lang='lat' dir='ltr'><strong>ct</strong></span> 
     </span>
     <span class='ocr_line' id='line_1_4' title="bbox 159 468 1852 527; baseline 0 -16"><span class='ocrx_word' id='word_1_32' title='bbox 159 468 434 524; x_wconf 77' lang='lat' dir='ltr'><strong>opservantia</strong></span> <span class='ocrx_word' id='word_1_33' title='bbox 465 472 506 510; x_wconf 83' lang='lat' dir='ltr'><strong>ct</strong></span> <span class='ocrx_word' id='word_1_34' title='bbox 539 474 760 524; x_wconf 88' lang='lat' dir='ltr'><strong>praeterea</strong></span> <span class='ocrx_word' id='word_1_35' title='bbox 792 471 1017 525; x_wconf 86' lang='lat' dir='ltr'><strong>splendore</strong></span> <span class='ocrx_word' id='word_1_36' title='bbox 1050 474 1178 526; x_wconf 84' lang='lat' dir='ltr'><strong>atque</strong></span> <span class='ocrx_word' id='word_1_37' title='bbox 1212 472 1325 513; x_wconf 89' lang='lat' dir='ltr'><strong>inter</strong></span> <span class='ocrx_word' id='word_1_38' title='bbox 1358 486 1457 514; x_wconf 88' lang='lat' dir='ltr'><strong>suos</strong></span> <span class='ocrx_word' id='word_1_39' title='bbox 1484 470 1625 527; x_wconf 88' lang='lat' dir='ltr'><strong>gratia</strong></span> <span class='ocrx_word' id='word_1_40' title='bbox 1651 485 1852 526; x_wconf 85' lang='lat' dir='ltr'><strong>magnam</strong></span> 
     </span>
     <span class='ocr_line' id='line_1_5' title="bbox 159 539 984 596; baseline 0.001 -15"><span class='ocrx_word' id='word_1_41' title='bbox 159 539 426 594; x_wconf 78' lang='lat' dir='ltr'><strong>voluptatem</strong></span> <span class='ocrx_word' id='word_1_42' title='bbox 460 556 552 582; x_wconf 86' lang='lat' dir='ltr'><strong>esse</strong></span> <span class='ocrx_word' id='word_1_43' title='bbox 586 546 822 596; x_wconf 84' lang='lat' dir='ltr'><strong>capturum.</strong></span> <span class='ocrx_word' id='word_1_44' title='bbox 879 541 984 582; x_wconf 86' lang='lat' dir='ltr'><strong>vale.</strong></span> 
     </span>
    </p>
   </div>
   <div class='ocr_carea' id='block_1_3' title="bbox 122 682 1461 820">
    <p class='ocr_par' dir='ltr' id='par_1_3' title="bbox 122 682 1461 820">
     <span class='ocr_line' id='line_1_6' title="bbox 122 682 1181 739; baseline 0.006 -20"><span class='ocrx_word' id='word_1_45' title='bbox 122 696 138 719; x_wconf 71' lang='lat'><strong>⁵</strong></span> <span class='ocrx_word' id='word_1_46' title='bbox 824 682 999 725; x_wconf 81' lang='lat' dir='ltr'><strong>xxxII.</strong></span> <span class='ocrx_word' id='word_1_47' title='bbox 1046 682 1181 739; x_wconf 72' lang='lat'>(271.)</span> 
     </span>
     <span class='ocr_line' id='line_1_7' title="bbox 545 775 1461 820; baseline 0.002 -2"><span class='ocrx_word' id='word_1_48' title='bbox 545 775 756 818; x_wconf 81' lang='lat' dir='ltr'>CICERO</span> <span class='ocrx_word' id='word_1_49' title='bbox 790 775 986 818; x_wconf 84' lang='lat' dir='ltr'>ACILIO</span> <span class='ocrx_word' id='word_1_50' title='bbox 1018 776 1388 820; x_wconf 73' lang='lat' dir='ltr'>PROCONSVLI</span> <span class='ocrx_word' id='word_1_51' title='bbox 1422 778 1461 820; x_wconf 80' lang='lat' dir='ltr'><strong>s</strong></span> 
     </span>
    </p>
   </div>
   <div class='ocr_carea' id='block_1_4' title="bbox 101 870 1900 1564">
    <p class='ocr_par' dir='ltr' id='par_1_4' title="bbox 155 870 1853 1069">
     <span class='ocr_line' id='line_1_8' title="bbox 274 870 1850 926; baseline 0.003 -15"><span class='ocrx_word' id='word_1_52' title='bbox 274 870 324 912; x_wconf 89' lang='lat' dir='ltr'><strong>In</strong></span> <span class='ocrx_word' id='word_1_53' title='bbox 351 870 584 912; x_wconf 82' lang='lat' dir='ltr'><strong>Halaesina</strong></span> <span class='ocrx_word' id='word_1_54' title='bbox 617 871 791 912; x_wconf 78' lang='lat' dir='ltr'><strong>civitate</strong></span> <span class='ocrx_word' id='word_1_55' title='bbox 825 874 915 912; x_wconf 85' lang='lat' dir='ltr'><strong>tam</strong></span> <span class='ocrx_word' id='word_1_56' title='bbox 947 871 1066 912; x_wconf 87' lang='lat' dir='ltr'><strong>lauta</strong></span> <span class='ocrx_word' id='word_1_57' title='bbox 1099 875 1272 926; x_wconf 87' lang='lat' dir='ltr'><strong>tamque</strong></span> <span class='ocrx_word' id='word_1_58' title='bbox 1306 873 1441 914; x_wconf 88' lang='lat' dir='ltr'><strong>nobili</strong></span> <span class='ocrx_word' id='word_1_59' title='bbox 1474 873 1850 915; x_wconf 85' lang='lat' dir='ltr'><strong>coniunctissimos</strong></span> 
     </span>
     <span class='ocr_line' id='line_1_9' title="bbox 155 941 1853 1000; baseline 0.002 -18"><span class='ocrx_word' id='word_1_60' title='bbox 155 941 294 982; x_wconf 85' lang='lat' dir='ltr'><strong>habeo</strong></span> <span class='ocrx_word' id='word_1_61' title='bbox 327 945 371 983; x_wconf 89' lang='lat' dir='ltr'><strong>et</strong></span> <span class='ocrx_word' id='word_1_62' title='bbox 401 941 593 996; x_wconf 88' lang='lat' dir='ltr'><strong>hospitio</strong></span> <span class='ocrx_word' id='word_1_63' title='bbox 626 945 670 983; x_wconf 92' lang='lat' dir='ltr'><strong>et</strong></span> <span class='ocrx_word' id='word_1_64' title='bbox 700 941 997 983; x_wconf 74' lang='lat' dir='ltr'><strong>familiaritate</strong></span> <span class='ocrx_word' id='word_1_65' title='bbox 1024 941 1081 985; x_wconf 85' lang='lat' dir='ltr'><strong>M.</strong></span> <span class='ocrx_word' id='word_1_66' title='bbox 1114 946 1156 984; x_wconf 87' lang='lat' dir='ltr'><strong>et</strong></span> <span class='ocrx_word' id='word_1_67' title='bbox 1183 942 1226 984; x_wconf 79' lang='lat' dir='ltr'><strong>C.</strong></span> <span class='ocrx_word' id='word_1_68' title='bbox 1256 941 1429 985; x_wconf 82' lang='lat' dir='ltr'><strong>Clodios</strong></span> <span class='ocrx_word' id='word_1_69' title='bbox 1455 943 1784 1000; x_wconf 79' lang='lat' dir='ltr'><strong>Archagathum</strong></span> <span class='ocrx_word' id='word_1_70' title='bbox 1810 948 1853 986; x_wconf 84' lang='lat' dir='ltr'><strong>et</strong></span> 
     </span>
     <span class='ocr_line' id='line_1_10' title="bbox 157 1011 1853 1069; baseline 0.003 -16"><span class='ocrx_word' id='word_1_71' title='bbox 157 1011 404 1066; x_wconf 81' lang='lat' dir='ltr'><strong>Philonem3</strong></span> <span class='ocrx_word' id='word_1_72' title='bbox 436 1012 509 1054; x_wconf 90' lang='lat' dir='ltr'><strong>sed</strong></span> <span class='ocrx_word' id='word_1_73' title='bbox 541 1027 700 1066; x_wconf 81' lang='lat' dir='ltr'><strong>vereor,</strong></span> <span class='ocrx_word' id='word_1_74' title='bbox 732 1027 797 1067; x_wconf 90' lang='lat' dir='ltr'><strong>ne,</strong></span> <span class='ocrx_word' id='word_1_75' title='bbox 830 1012 930 1066; x_wconf 84' lang='lat' dir='ltr'><strong>quia</strong></span> <span class='ocrx_word' id='word_1_76' title='bbox 962 1013 1195 1067; x_wconf 88' lang='lat' dir='ltr'><strong>compluris</strong></span> <span class='ocrx_word' id='word_1_77' title='bbox 1228 1014 1310 1056; x_wconf 86' lang='lat' dir='ltr'><strong>tibi</strong></span> <span class='ocrx_word' id='word_1_78' title='bbox 1336 1014 1562 1069; x_wconf 84' lang='lat' dir='ltr'><strong>praecipue</strong></span> <span class='ocrx_word' id='word_1_79' title='bbox 1590 1016 1853 1066; x_wconf 90' lang='lat' dir='ltr'><strong>commendo,</strong></span> 
     </span>
    </p>

    <p class='ocr_par' dir='ltr' id='par_1_5' title="bbox 103 1083 1900 1425">
     <span class='ocr_line' id='line_1_11' title="bbox 103 1083 1853 1142; baseline 0.003 -20"><span class='ocrx_word' id='word_1_80' title='bbox 103 1098 135 1122; x_wconf 84' lang='grc' dir='ltr'><strong>ιο</strong></span> <span class='ocrx_word' id='word_1_81' title='bbox 155 1097 392 1138; x_wconf 87' lang='lat' dir='ltr'><strong>exaequare</strong></span> <span class='ocrx_word' id='word_1_82' title='bbox 423 1083 569 1124; x_wconf 82' lang='lat' dir='ltr'><strong>videar</strong></span> <span class='ocrx_word' id='word_1_83' title='bbox 608 1083 843 1125; x_wconf 87' lang='lat' dir='ltr'><strong>ambitione</strong></span> <span class='ocrx_word' id='word_1_84' title='bbox 882 1084 1065 1138; x_wconf 88' lang='lat' dir='ltr'><strong>quadam</strong></span> <span class='ocrx_word' id='word_1_85' title='bbox 1104 1086 1498 1128; x_wconf 84' lang='lat' dir='ltr'><strong>commendationes</strong></span> <span class='ocrx_word' id='word_1_86' title='bbox 1538 1101 1671 1142; x_wconf 83' lang='lat' dir='ltr'><strong>meas3</strong></span> <span class='ocrx_word' id='word_1_87' title='bbox 1709 1102 1853 1141; x_wconf 86' lang='lat' dir='ltr'><strong>quam—</strong></span> 
     </span>
     <span class='ocr_line' id='line_1_12' title="bbox 155 1154 1900 1212; baseline 0.002 -16"><span class='ocrx_word' id='word_1_88' title='bbox 155 1168 284 1209; x_wconf 89' lang='lat' dir='ltr'><strong>quam</strong></span> <span class='ocrx_word' id='word_1_89' title='bbox 315 1169 340 1196; x_wconf 89' lang='lat' dir='ltr'><strong>a</strong></span> <span class='ocrx_word' id='word_1_90' title='bbox 372 1157 414 1196; x_wconf 91' lang='lat' dir='ltr'><strong>te</strong></span> <span class='ocrx_word' id='word_1_91' title='bbox 448 1154 619 1208; x_wconf 89' lang='lat' dir='ltr'><strong>quidem</strong></span> <span class='ocrx_word' id='word_1_92' title='bbox 653 1154 870 1196; x_wconf 88' lang='lat' dir='ltr'><strong>cumulate</strong></span> <span class='ocrx_word' id='word_1_93' title='bbox 903 1155 1009 1196; x_wconf 87' lang='lat' dir='ltr'><strong>satis</strong></span> <span class='ocrx_word' id='word_1_94' title='bbox 1042 1156 1092 1196; x_wconf 92' lang='lat' dir='ltr'><strong>fit</strong></span> <span class='ocrx_word' id='word_1_95' title='bbox 1125 1158 1167 1197; x_wconf 90' lang='lat' dir='ltr'><strong>et</strong></span> <span class='ocrx_word' id='word_1_96' title='bbox 1194 1156 1300 1197; x_wconf 90' lang='lat' dir='ltr'><strong>mihi</strong></span> <span class='ocrx_word' id='word_1_97' title='bbox 1328 1159 1370 1197; x_wconf 89' lang='lat' dir='ltr'><strong>et</strong></span> <span class='ocrx_word' id='word_1_98' title='bbox 1398 1157 1503 1198; x_wconf 90' lang='lat' dir='ltr'><strong>meis</strong></span> <span class='ocrx_word' id='word_1_99' title='bbox 1530 1157 1747 1212; x_wconf 83' lang='lat' dir='ltr'><strong>omnibus3</strong></span> <span class='ocrx_word' id='word_1_100' title='bbox 1780 1158 1852 1199; x_wconf 87' lang='lat' dir='ltr'><strong>sed</strong></span> <span class='ocrx_word' id='word_1_101' title='bbox 1882 1189 1900 1199; x_wconf 46' lang='grc' dir='ltr'><strong>Η</strong></span> 
     </span>
     <span class='ocr_line' id='line_1_13' title="bbox 154 1224 1854 1279; baseline 0.002 -13"><span class='ocrx_word' id='word_1_102' title='bbox 154 1224 283 1266; x_wconf 84' lang='lat' dir='ltr'><strong>velim</strong></span> <span class='ocrx_word' id='word_1_103' title='bbox 317 1225 378 1266; x_wconf 85' lang='lat' dir='ltr'><strong>sie</strong></span> <span class='ocrx_word' id='word_1_104' title='bbox 411 1225 649 1279; x_wconf 84' lang='lat' dir='ltr'><strong>existimes,</strong></span> <span class='ocrx_word' id='word_1_105' title='bbox 688 1225 799 1267; x_wconf 90' lang='lat' dir='ltr'><strong>hanc</strong></span> <span class='ocrx_word' id='word_1_106' title='bbox 831 1225 1041 1267; x_wconf 83' lang='lat' dir='ltr'><strong>familia-m</strong></span> <span class='ocrx_word' id='word_1_107' title='bbox 1079 1229 1123 1268; x_wconf 89' lang='lat' dir='ltr'><strong>et</strong></span> <span class='ocrx_word' id='word_1_108' title='bbox 1153 1226 1233 1269; x_wconf 89' lang='lat' dir='ltr'><strong>hos</strong></span> <span class='ocrx_word' id='word_1_109' title='bbox 1267 1227 1372 1268; x_wconf 90' lang='lat' dir='ltr'><strong>mihi</strong></span> <span class='ocrx_word' id='word_1_110' title='bbox 1405 1228 1590 1269; x_wconf 84' lang='lat' dir='ltr'><strong>maxime</strong></span> <span class='ocrx_word' id='word_1_111' title='bbox 1628 1243 1719 1270; x_wconf 88' lang='lat' dir='ltr'><strong>esse</strong></span> <span class='ocrx_word' id='word_1_112' title='bbox 1759 1244 1854 1271; x_wconf 90' lang='lat' dir='ltr'><strong>con-</strong></span> 
     </span>
     <span class='ocr_line' id='line_1_14' title="bbox 155 1295 1853 1353; baseline 0.003 -17"><span class='ocrx_word' id='word_1_113' title='bbox 155 1295 324 1338; x_wconf 91' lang='lat' dir='ltr'><strong>iunctos</strong></span> <span class='ocrx_word' id='word_1_114' title='bbox 361 1298 595 1351; x_wconf 88' lang='lat' dir='ltr'><strong>vetustate,</strong></span> <span class='ocrx_word' id='word_1_115' title='bbox 641 1296 815 1351; x_wconf 86' lang='lat' dir='ltr'><strong>officiis,</strong></span> <span class='ocrx_word' id='word_1_116' title='bbox 854 1297 1158 1340; x_wconf 75' lang='lat' dir='ltr'><strong>benivolentia.</strong></span> <span class='ocrx_word' id='word_1_117' title='bbox 1221 1299 1501 1352; x_wconf 87' lang='lat' dir='ltr'><strong>quamobrem</strong></span> <span class='ocrx_word' id='word_1_118' title='bbox 1539 1302 1638 1353; x_wconf 90' lang='lat' dir='ltr'><strong>peto</strong></span> <span class='ocrx_word' id='word_1_119' title='bbox 1679 1314 1703 1340; x_wconf 91' lang='lat' dir='ltr'><strong>a</strong></span> <span class='ocrx_word' id='word_1_120' title='bbox 1735 1303 1776 1341; x_wconf 88' lang='lat' dir='ltr'><strong>te</strong></span> <span class='ocrx_word' id='word_1_121' title='bbox 1809 1301 1853 1341; x_wconf 91' lang='lat' dir='ltr'><strong>in</strong></span> 
     </span>
     <span class='ocr_line' id='line_1_15' title="bbox 155 1366 1852 1425; baseline 0.003 -18"><span class='ocrx_word' id='word_1_122' title='bbox 155 1366 363 1408; x_wconf 88' lang='lat' dir='ltr'><strong>maiorem</strong></span> <span class='ocrx_word' id='word_1_123' title='bbox 406 1367 601 1420; x_wconf 89' lang='lat' dir='ltr'><strong>modum,</strong></span> <span class='ocrx_word' id='word_1_124' title='bbox 651 1370 700 1409; x_wconf 89' lang='lat' dir='ltr'><strong>ut</strong></span> <span class='ocrx_word' id='word_1_125' title='bbox 744 1368 804 1408; x_wconf 89' lang='lat' dir='ltr'><strong>eis</strong></span> <span class='ocrx_word' id='word_1_126' title='bbox 850 1368 1049 1409; x_wconf 89' lang='lat' dir='ltr'><strong>omnibus</strong></span> <span class='ocrx_word' id='word_1_127' title='bbox 1094 1369 1137 1410; x_wconf 91' lang='lat' dir='ltr'><strong>in</strong></span> <span class='ocrx_word' id='word_1_128' title='bbox 1181 1370 1325 1424; x_wconf 84' lang='lat' dir='ltr'><strong>rebus,</strong></span> <span class='ocrx_word' id='word_1_129' title='bbox 1376 1373 1586 1425; x_wconf 88' lang='lat' dir='ltr'><strong>quantum</strong></span> <span class='ocrx_word' id='word_1_130' title='bbox 1630 1373 1705 1411; x_wconf 88' lang='lat' dir='ltr'><strong>tua</strong></span> <span class='ocrx_word' id='word_1_131' title='bbox 1748 1371 1852 1412; x_wconf 89' lang='lat' dir='ltr'><strong>fides</strong></span> 
     </span>
    </p>

    <p class='ocr_par' dir='ltr' id='par_1_6' title="bbox 101 1437 1852 1564">
     <span class='ocr_line' id='line_1_16' title="bbox 101 1437 1852 1495; baseline 0.003 -18"><span class='ocrx_word' id='word_1_132' title='bbox 101 1452 134 1477; x_wconf 82' lang='lat'><strong>15</strong></span> <span class='ocrx_word' id='word_1_133' title='bbox 153 1437 427 1492; x_wconf 87' lang='lat' dir='ltr'><strong>dignitasque</strong></span> <span class='ocrx_word' id='word_1_134' title='bbox 459 1438 668 1493; x_wconf 86' lang='lat' dir='ltr'><strong>patietur,</strong></span> <span class='ocrx_word' id='word_1_135' title='bbox 713 1438 976 1480; x_wconf 86' lang='lat' dir='ltr'><strong>commodes:</strong></span> <span class='ocrx_word' id='word_1_136' title='bbox 1021 1439 1063 1480; x_wconf 80' lang='lat' dir='ltr'><strong>id</strong></span> <span class='ocrx_word' id='word_1_137' title='bbox 1096 1440 1132 1481; x_wconf 90' lang='lat' dir='ltr'><strong>si</strong></span> <span class='ocrx_word' id='word_1_138' title='bbox 1164 1439 1333 1495; x_wconf 83' lang='lat' dir='ltr'><strong>feceris,</strong></span> <span class='ocrx_word' id='word_1_139' title='bbox 1378 1441 1461 1482; x_wconf 89' lang='lat' dir='ltr'><strong>erit</strong></span> <span class='ocrx_word' id='word_1_140' title='bbox 1493 1440 1599 1482; x_wconf 87' lang='lat' dir='ltr'><strong>mihi</strong></span> <span class='ocrx_word' id='word_1_141' title='bbox 1630 1441 1852 1483; x_wconf 87' lang='lat' dir='ltr'><strong>vehemen-</strong></span> 
     </span>
     <span class='ocr_line' id='line_1_17' title="bbox 153 1508 537 1564; baseline 0.003 -15"><span class='ocrx_word' id='word_1_142' title='bbox 153 1508 320 1550; x_wconf 87' lang='lat' dir='ltr'><strong>tissime</strong></span> <span class='ocrx_word' id='word_1_143' title='bbox 352 1511 537 1564; x_wconf 85' lang='lat' dir='ltr'><strong>gratum.</strong></span> 
     </span>
    </p>
   </div>
   <div class='ocr_carea' id='block_1_5' title="bbox 506 1590 1496 1743">
    <p class='ocr_par' dir='ltr' id='par_1_7' title="bbox 506 1590 1496 1743">
     <span class='ocr_line' id='line_1_18' title="bbox 807 1590 1194 1648; baseline 0 -15"><span class='ocrx_word' id='word_1_144' title='bbox 807 1591 1010 1633; x_wconf 78' lang='lat' dir='ltr'>XXXIII.</span> <span class='ocrx_word' id='word_1_145' title='bbox 1056 1590 1194 1648; x_wconf 78' lang='lat'>(272.)</span> 
     </span>
     <span class='ocr_line' id='line_1_19' title="bbox 506 1684 1496 1743; baseline 0.002 -15"><span class='ocrx_word' id='word_1_146' title='bbox 506 1684 750 1739; x_wconf 84' lang='lat' dir='ltr'>&lt;CICERO</span> <span class='ocrx_word' id='word_1_147' title='bbox 785 1685 982 1728; x_wconf 79' lang='lat' dir='ltr'>ACILIO</span> <span class='ocrx_word' id='word_1_148' title='bbox 1016 1686 1391 1729; x_wconf 73' lang='lat' dir='ltr'>PROCONSVLI</span> <span class='ocrx_word' id='word_1_149' title='bbox 1425 1688 1496 1743; x_wconf 80' lang='lat' dir='ltr'><strong>s&gt;</strong></span> 
     </span>
    </p>
   </div>
   <div class='ocr_carea' id='block_1_6' title="bbox 98 1778 1853 2389">
    <p class='ocr_par' dir='ltr' id='par_1_8' title="bbox 98 1778 1853 2389">
     <span class='ocr_line' id='line_1_20' title="bbox 272 1778 1850 1837; baseline 0.003 -15"><span class='ocrx_word' id='word_1_150' title='bbox 272 1778 346 1822; x_wconf 86' lang='lat' dir='ltr'><strong>Cn.</strong></span> <span class='ocrx_word' id='word_1_151' title='bbox 375 1779 562 1821; x_wconf 90' lang='lat' dir='ltr'><strong>Otacilio</strong></span> <span class='ocrx_word' id='word_1_152' title='bbox 595 1778 769 1821; x_wconf 88' lang='lat' dir='ltr'><strong>Nasone</strong></span> <span class='ocrx_word' id='word_1_153' title='bbox 802 1783 901 1821; x_wconf 89' lang='lat' dir='ltr'><strong>utor</strong></span> <span class='ocrx_word' id='word_1_154' title='bbox 932 1780 1287 1836; x_wconf 85' lang='lat' dir='ltr'><strong>familiarissime,</strong></span> <span class='ocrx_word' id='word_1_155' title='bbox 1328 1783 1391 1823; x_wconf 91' lang='lat' dir='ltr'><strong>ita</strong></span> <span class='ocrx_word' id='word_1_156' title='bbox 1421 1798 1616 1837; x_wconf 84' lang='lat' dir='ltr'><strong>prorsus,</strong></span> <span class='ocrx_word' id='word_1_157' title='bbox 1654 1788 1703 1826; x_wconf 91' lang='lat' dir='ltr'><strong>ut</strong></span> <span class='ocrx_word' id='word_1_158' title='bbox 1734 1786 1850 1827; x_wconf 92' lang='lat' dir='ltr'><strong>illius</strong></span> 
     </span>
     <span class='ocr_line' id='line_1_21' title="bbox 100 1849 1852 1909; baseline 0.004 -18"><span class='ocrx_word' id='word_1_159' title='bbox 100 1868 133 1892; x_wconf 58' lang='grc' dir='ltr'><strong>κο</strong></span> <span class='ocrx_word' id='word_1_160' title='bbox 153 1850 317 1892; x_wconf 87' lang='lat' dir='ltr'><strong>ordinis</strong></span> <span class='ocrx_word' id='word_1_161' title='bbox 348 1850 468 1892; x_wconf 90' lang='lat' dir='ltr'><strong>nullo</strong></span> <span class='ocrx_word' id='word_1_162' title='bbox 500 1849 774 1905; x_wconf 79' lang='lat' dir='ltr'><strong>familiarius3</strong></span> <span class='ocrx_word' id='word_1_163' title='bbox 817 1865 917 1892; x_wconf 90' lang='lat' dir='ltr'><strong>nam</strong></span> <span class='ocrx_word' id='word_1_164' title='bbox 955 1854 999 1892; x_wconf 85' lang='lat' dir='ltr'><strong>et</strong></span> <span class='ocrx_word' id='word_1_165' title='bbox 1035 1851 1306 1894; x_wconf 87' lang='lat' dir='ltr'><strong>humanitate</strong></span> <span class='ocrx_word' id='word_1_166' title='bbox 1345 1853 1436 1894; x_wconf 90' lang='lat' dir='ltr'><strong>eius</strong></span> <span class='ocrx_word' id='word_1_167' title='bbox 1475 1857 1518 1895; x_wconf 88' lang='lat' dir='ltr'><strong>et</strong></span> <span class='ocrx_word' id='word_1_168' title='bbox 1554 1855 1775 1909; x_wconf 88' lang='lat' dir='ltr'><strong>probitate</strong></span> <span class='ocrx_word' id='word_1_169' title='bbox 1807 1856 1852 1898; x_wconf 91' lang='lat' dir='ltr'><strong>in</strong></span> 
     </span>
     <span class='ocr_line' id='line_1_22' title="bbox 153 1921 1850 1980; baseline 0.004 -18"><span class='ocrx_word' id='word_1_170' title='bbox 153 1921 459 1963; x_wconf 83' lang='lat' dir='ltr'><strong>consuetudine</strong></span> <span class='ocrx_word' id='word_1_171' title='bbox 493 1921 708 1963; x_wconf 87' lang='lat' dir='ltr'><strong>cotidiana</strong></span> <span class='ocrx_word' id='word_1_172' title='bbox 741 1935 1000 1977; x_wconf 84' lang='lat' dir='ltr'><strong>magnopere</strong></span> <span class='ocrx_word' id='word_1_173' title='bbox 1034 1922 1233 1965; x_wconf 88' lang='lat' dir='ltr'><strong>delector.</strong></span> <span class='ocrx_word' id='word_1_174' title='bbox 1288 1924 1398 1966; x_wconf 86' lang='lat' dir='ltr'><strong>nihil</strong></span> <span class='ocrx_word' id='word_1_175' title='bbox 1430 1925 1518 1967; x_wconf 89' lang='lat' dir='ltr'><strong>iam</strong></span> <span class='ocrx_word' id='word_1_176' title='bbox 1551 1941 1657 1980; x_wconf 88' lang='lat' dir='ltr'><strong>opus</strong></span> <span class='ocrx_word' id='word_1_177' title='bbox 1685 1929 1751 1968; x_wconf 89' lang='lat' dir='ltr'><strong>est</strong></span> <span class='ocrx_word' id='word_1_178' title='bbox 1783 1942 1850 1969; x_wconf 86' lang='lat' dir='ltr'><strong>ex-</strong></span> 
     </span>
     <span class='ocr_line' id='line_1_23' title="bbox 152 1993 1853 2053; baseline 0.004 -19"><span class='ocrx_word' id='word_1_179' title='bbox 152 1995 345 2048; x_wconf 85' lang='lat' dir='ltr'><strong>spectare</strong></span> <span class='ocrx_word' id='word_1_180' title='bbox 376 1995 436 2044; x_wconf 89' lang='lat' dir='ltr'><strong>te,</strong></span> <span class='ocrx_word' id='word_1_181' title='bbox 475 1993 631 2047; x_wconf 87' lang='lat' dir='ltr'><strong>quibus</strong></span> <span class='ocrx_word' id='word_1_182' title='bbox 665 2007 762 2034; x_wconf 89' lang='lat' dir='ltr'><strong>eum</strong></span> <span class='ocrx_word' id='word_1_183' title='bbox 794 1993 937 2035; x_wconf 86' lang='lat' dir='ltr'><strong>verbis</strong></span> <span class='ocrx_word' id='word_1_184' title='bbox 975 1994 1057 2035; x_wconf 88' lang='lat' dir='ltr'><strong>tibi</strong></span> <span class='ocrx_word' id='word_1_185' title='bbox 1090 1995 1402 2051; x_wconf 88' lang='lat' dir='ltr'><strong>commendem,</strong></span> <span class='ocrx_word' id='word_1_186' title='bbox 1441 2010 1525 2050; x_wconf 87' lang='lat' dir='ltr'><strong>quo</strong></span> <span class='ocrx_word' id='word_1_187' title='bbox 1559 1997 1620 2039; x_wconf 89' lang='lat' dir='ltr'><strong>sic</strong></span> <span class='ocrx_word' id='word_1_188' title='bbox 1651 2000 1767 2053; x_wconf 89' lang='lat' dir='ltr'><strong>utar,</strong></span> <span class='ocrx_word' id='word_1_189' title='bbox 1804 2002 1853 2040; x_wconf 88' lang='lat' dir='ltr'><strong>ut</strong></span> 
     </span>
     <span class='ocr_line' id='line_1_24' title="bbox 153 2062 1851 2124; baseline 0.004 -19"><span class='ocrx_word' id='word_1_190' title='bbox 153 2063 316 2118; x_wconf 83' lang='lat' dir='ltr'><strong>scripsi.</strong></span> <span class='ocrx_word' id='word_1_191' title='bbox 372 2062 505 2105; x_wconf 88' lang='lat' dir='ltr'><strong>habet</strong></span> <span class='ocrx_word' id='word_1_192' title='bbox 536 2063 573 2105; x_wconf 92' lang='lat' dir='ltr'><strong>is</strong></span> <span class='ocrx_word' id='word_1_193' title='bbox 606 2062 650 2105; x_wconf 89' lang='lat' dir='ltr'><strong>in</strong></span> <span class='ocrx_word' id='word_1_194' title='bbox 681 2063 903 2118; x_wconf 85' lang='lat' dir='ltr'><strong>provincia</strong></span> <span class='ocrx_word' id='word_1_195' title='bbox 933 2067 1009 2106; x_wconf 90' lang='lat' dir='ltr'><strong>tua</strong></span> <span class='ocrx_word' id='word_1_196' title='bbox 1039 2065 1234 2121; x_wconf 89' lang='lat' dir='ltr'><strong>negotia,</strong></span> <span class='ocrx_word' id='word_1_197' title='bbox 1276 2080 1384 2120; x_wconf 86' lang='lat' dir='ltr'><strong>quae</strong></span> <span class='ocrx_word' id='word_1_198' title='bbox 1422 2070 1655 2121; x_wconf 88' lang='lat' dir='ltr'><strong>procurant</strong></span> <span class='ocrx_word' id='word_1_199' title='bbox 1691 2068 1851 2124; x_wconf 88' lang='lat' dir='ltr'><strong>liberti,</strong></span> 
     </span>
     <span class='ocr_line' id='line_1_25' title="bbox 150 2133 1850 2192; baseline 0.004 -17"><span class='ocrx_word' id='word_1_200' title='bbox 150 2133 341 2189; x_wconf 85' lang='lat' dir='ltr'><strong>Hilarus,</strong></span> <span class='ocrx_word' id='word_1_201' title='bbox 360 2133 620 2190; x_wconf 82' lang='lat' dir='ltr'><strong>Antigonus,</strong></span> <span class='ocrx_word' id='word_1_202' title='bbox 641 2134 959 2189; x_wconf 87' lang='lat' dir='ltr'><strong>Demostratus,</strong></span> <span class='ocrx_word' id='word_1_203' title='bbox 987 2150 1094 2190; x_wconf 90' lang='lat' dir='ltr'><strong>quos</strong></span> <span class='ocrx_word' id='word_1_204' title='bbox 1116 2136 1198 2177; x_wconf 90' lang='lat' dir='ltr'><strong>tibi</strong></span> <span class='ocrx_word' id='word_1_205' title='bbox 1217 2137 1476 2192; x_wconf 88' lang='lat' dir='ltr'><strong>negotiaque</strong></span> <span class='ocrx_word' id='word_1_206' title='bbox 1499 2138 1643 2180; x_wconf 89' lang='lat' dir='ltr'><strong>omnia</strong></span> <span class='ocrx_word' id='word_1_207' title='bbox 1663 2138 1850 2182; x_wconf 86' lang='lat' dir='ltr'><strong>Nasonis</strong></span> 
     </span>
     <span class='ocr_line' id='line_1_26' title="bbox 98 2205 1850 2266; baseline 0.003 -20"><span class='ocrx_word' id='word_1_208' title='bbox 98 2221 133 2246; x_wconf 84' lang='lat'><strong>25</strong></span> <span class='ocrx_word' id='word_1_209' title='bbox 150 2220 238 2247; x_wconf 88' lang='lat' dir='ltr'><strong>non</strong></span> <span class='ocrx_word' id='word_1_210' title='bbox 269 2219 391 2247; x_wconf 90' lang='lat' dir='ltr'><strong>secus</strong></span> <span class='ocrx_word' id='word_1_211' title='bbox 425 2205 698 2260; x_wconf 86' lang='lat' dir='ltr'><strong>commendo,</strong></span> <span class='ocrx_word' id='word_1_212' title='bbox 729 2220 777 2247; x_wconf 91' lang='lat' dir='ltr'><strong>ac</strong></span> <span class='ocrx_word' id='word_1_213' title='bbox 810 2206 847 2247; x_wconf 91' lang='lat' dir='ltr'><strong>si</strong></span> <span class='ocrx_word' id='word_1_214' title='bbox 878 2220 973 2247; x_wconf 87' lang='lat' dir='ltr'><strong>mea</strong></span> <span class='ocrx_word' id='word_1_215' title='bbox 1006 2209 1160 2248; x_wconf 87' lang='lat' dir='ltr'><strong>essent.</strong></span> <span class='ocrx_word' id='word_1_216' title='bbox 1218 2207 1516 2262; x_wconf 88' lang='lat' dir='ltr'><strong>gratissimum</strong></span> <span class='ocrx_word' id='word_1_217' title='bbox 1548 2209 1655 2251; x_wconf 89' lang='lat' dir='ltr'><strong>mihi</strong></span> <span class='ocrx_word' id='word_1_218' title='bbox 1687 2210 1850 2266; x_wconf 86' lang='lat' dir='ltr'><strong>feceris,</strong></span> 
     </span>
     <span class='ocr_line' id='line_1_27' title="bbox 150 2275 1849 2337; baseline 0.005 -21"><span class='ocrx_word' id='word_1_219' title='bbox 150 2276 187 2317; x_wconf 89' lang='lat' dir='ltr'><strong>si</strong></span> <span class='ocrx_word' id='word_1_220' title='bbox 236 2275 490 2317; x_wconf 88' lang='lat' dir='ltr'><strong>intellexero</strong></span> <span class='ocrx_word' id='word_1_221' title='bbox 541 2276 650 2317; x_wconf 88' lang='lat' dir='ltr'><strong>hane</strong></span> <span class='ocrx_word' id='word_1_222' title='bbox 701 2276 1117 2319; x_wconf 86' lang='lat' dir='ltr'><strong>commendationem</strong></span> <span class='ocrx_word' id='word_1_223' title='bbox 1175 2292 1379 2334; x_wconf 89' lang='lat' dir='ltr'><strong>magnum</strong></span> <span class='ocrx_word' id='word_1_224' title='bbox 1430 2280 1542 2334; x_wconf 88' lang='lat' dir='ltr'><strong>apud</strong></span> <span class='ocrx_word' id='word_1_225' title='bbox 1591 2283 1634 2322; x_wconf 90' lang='lat' dir='ltr'><strong>te</strong></span> <span class='ocrx_word' id='word_1_226' title='bbox 1683 2282 1849 2337; x_wconf 87' lang='lat' dir='ltr'><strong>pondus</strong></span> 
     </span>
     <span class='ocr_line' id='line_1_28' title="bbox 150 2346 528 2389; baseline 0 -1"><span class='ocrx_word' id='word_1_227' title='bbox 150 2346 366 2389; x_wconf 87' lang='lat' dir='ltr'><strong>habuisse.</strong></span> <span class='ocrx_word' id='word_1_228' title='bbox 421 2347 528 2388; x_wconf 84' lang='lat' dir='ltr'><strong>vale.</strong></span> 
     </span>
    </p>
   </div>
   <div class='ocr_carea' id='block_1_7' title="bbox 511 2417 1487 2571">
    <p class='ocr_par' dir='ltr' id='par_1_9' title="bbox 511 2417 1487 2571">
     <span class='ocr_line' id='line_1_29' title="bbox 808 2417 1187 2476; baseline 0.008 -16"><span class='ocrx_word' id='word_1_229' title='bbox 808 2417 1005 2464; x_wconf 71' lang='lat' dir='ltr'>XXXIV.</span> <span class='ocrx_word' id='word_1_230' title='bbox 1050 2419 1187 2476; x_wconf 76' lang='lat'>(273.)</span> 
     </span>
     <span class='ocr_line' id='line_1_30' title="bbox 511 2511 1487 2571; baseline 0.004 -17"><span class='ocrx_word' id='word_1_231' title='bbox 511 2511 752 2566; x_wconf 79' lang='lat' dir='ltr'>&lt;CICERO</span> <span class='ocrx_word' id='word_1_232' title='bbox 787 2512 981 2556; x_wconf 85' lang='lat' dir='ltr'>ACILIO</span> <span class='ocrx_word' id='word_1_233' title='bbox 1014 2512 1383 2558; x_wconf 77' lang='lat' dir='ltr'>PROCONSVLI</span> <span class='ocrx_word' id='word_1_234' title='bbox 1417 2516 1487 2571; x_wconf 75' lang='lat' dir='ltr'><strong>s&gt;</strong></span> 
     </span>
    </p>
   </div>
   <div class='ocr_carea' id='block_1_8' title="bbox 97 2604 1849 2738">
    <p class='ocr_par' dir='ltr' id='par_1_10' title="bbox 97 2604 1849 2738">
     <span class='ocr_line' id='line_1_31' title="bbox 97 2604 1849 2669; baseline 0.006 -24"><span class='ocrx_word' id='word_1_235' title='bbox 97 2622 132 2646; x_wconf 81' lang='lat'><strong>30</strong></span> <span class='ocrx_word' id='word_1_236' title='bbox 273 2604 448 2647; x_wconf 85' lang='lat' dir='ltr'><strong>Avitum</strong></span> <span class='ocrx_word' id='word_1_237' title='bbox 487 2607 591 2647; x_wconf 82' lang='lat' dir='ltr'><strong>mihi</strong></span> <span class='ocrx_word' id='word_1_238' title='bbox 629 2607 869 2662; x_wconf 86' lang='lat' dir='ltr'><strong>hospitium</strong></span> <span class='ocrx_word' id='word_1_239' title='bbox 909 2611 975 2650; x_wconf 90' lang='lat' dir='ltr'><strong>est</strong></span> <span class='ocrx_word' id='word_1_240' title='bbox 1013 2623 1110 2650; x_wconf 89' lang='lat' dir='ltr'><strong>cum</strong></span> <span class='ocrx_word' id='word_1_241' title='bbox 1141 2609 1330 2666; x_wconf 83' lang='lat' dir='ltr'><strong>Lysone,</strong></span> <span class='ocrx_word' id='word_1_242' title='bbox 1367 2611 1551 2666; x_wconf 85' lang='lat' dir='ltr'><strong>Lysonis</strong></span> <span class='ocrx_word' id='word_1_243' title='bbox 1589 2613 1696 2666; x_wconf 91' lang='lat' dir='ltr'><strong>filio,</strong></span> <span class='ocrx_word' id='word_1_244' title='bbox 1735 2613 1849 2669; x_wconf 90' lang='lat' dir='ltr'><strong>Lily-</strong></span> 
     </span>
     <span class='ocr_line' id='line_1_32' title="bbox 150 2676 1849 2738; baseline 0.006 -22"><span class='ocrx_word' id='word_1_245' title='bbox 150 2676 354 2731; x_wconf 84' lang='lat' dir='ltr'><strong>bactano,</strong></span> <span class='ocrx_word' id='word_1_246' title='bbox 395 2676 601 2731; x_wconf 89' lang='lat' dir='ltr'><strong>valdeque</strong></span> <span class='ocrx_word' id='word_1_247' title='bbox 641 2677 694 2719; x_wconf 89' lang='lat' dir='ltr'><strong>ab</strong></span> <span class='ocrx_word' id='word_1_248' title='bbox 728 2693 777 2720; x_wconf 93' lang='lat' dir='ltr'><strong>eo</strong></span> <span class='ocrx_word' id='word_1_249' title='bbox 811 2680 1016 2721; x_wconf 86' lang='lat' dir='ltr'><strong>observor</strong></span> <span class='ocrx_word' id='word_1_250' title='bbox 1047 2681 1315 2736; x_wconf 83' lang='lat' dir='ltr'><strong>cognovique</strong></span> <span class='ocrx_word' id='word_1_251' title='bbox 1348 2682 1526 2738; x_wconf 88' lang='lat' dir='ltr'><strong>dignum</strong></span> <span class='ocrx_word' id='word_1_252' title='bbox 1564 2686 1607 2725; x_wconf 91' lang='lat' dir='ltr'><strong>et</strong></span> <span class='ocrx_word' id='word_1_253' title='bbox 1644 2687 1766 2738; x_wconf 89' lang='lat' dir='ltr'><strong>patre</strong></span> <span class='ocrx_word' id='word_1_254' title='bbox 1805 2688 1849 2727; x_wconf 89' lang='lat' dir='ltr'><strong>et</strong></span> 
     </span>
    </p>
   </div>
   <div class='ocr_carea' id='block_1_9' title="bbox 149 2791 1850 3219">
    <p class='ocr_par' dir='ltr' id='par_1_11' title="bbox 149 2791 1850 3219">
     <span class='ocr_line' id='line_1_33' title="bbox 271 2791 1850 2846; baseline 0.006 -20"><span class='ocrx_word' id='word_1_255' title='bbox 271 2796 300 2826; x_wconf 84' lang='grc'><strong>1.</strong></span> <span class='ocrx_word' id='word_1_256' title='bbox 329 2791 461 2827; x_wconf 85' lang='lat' dir='ltr'><strong>duetus</strong></span> <span class='ocrx_word' id='word_1_257' title='bbox 488 2792 532 2827; x_wconf 86' lang='lat' dir='ltr'><em>H</em></span> <span class='ocrx_word' id='word_1_258' title='bbox 558 2794 569 2836; x_wconf 85' lang='grc' dir='ltr'><strong>ΙΙ</strong></span> <span class='ocrx_word' id='word_1_259' title='bbox 601 2797 632 2828; x_wconf 82' lang='grc'><strong>2.</strong></span> <span class='ocrx_word' id='word_1_260' title='bbox 659 2794 696 2828; x_wconf 87' lang='lat' dir='ltr'><strong>te</strong></span> <span class='ocrx_word' id='word_1_261' title='bbox 723 2795 786 2838; x_wconf 87' lang='lat' dir='ltr'><strong>M,</strong></span> <span class='ocrx_word' id='word_1_262' title='bbox 812 2806 877 2830; x_wconf 86' lang='lat' dir='ltr'><strong>om.</strong></span> <span class='ocrx_word' id='word_1_263' title='bbox 906 2796 985 2830; x_wconf 88' lang='lat' dir='ltr'><strong>HD</strong></span> <span class='ocrx_word' id='word_1_264' title='bbox 1015 2798 1027 2840; x_wconf 80' lang='grc' dir='ltr'><strong>ΙΙ</strong></span> <span class='ocrx_word' id='word_1_265' title='bbox 1058 2799 1089 2830; x_wconf 86' lang='grc'><strong>4.</strong></span> <span class='ocrx_word' id='word_1_266' title='bbox 1115 2795 1200 2844; x_wconf 69' lang='lat' dir='ltr'><strong>vale</strong></span> <span class='ocrx_word' id='word_1_267' title='bbox 1225 2808 1291 2832; x_wconf 85' lang='lat' dir='ltr'><strong>om.</strong></span> <span class='ocrx_word' id='word_1_268' title='bbox 1319 2798 1365 2832; x_wconf 83' lang='lat' dir='ltr'><em>H</em></span> <span class='ocrx_word' id='word_1_269' title='bbox 1390 2800 1401 2843; x_wconf 81' lang='grc' dir='ltr'><strong>ΙΙ</strong></span> <span class='ocrx_word' id='word_1_270' title='bbox 1434 2802 1464 2833; x_wconf 85' lang='grc'><strong>7.</strong></span> <span class='ocrx_word' id='word_1_271' title='bbox 1490 2799 1694 2834; x_wconf 86' lang='lat' dir='ltr'><strong>Halaesina</strong></span> <span class='ocrx_word' id='word_1_272' title='bbox 1719 2802 1850 2846; x_wconf 72' lang='lat' dir='ltr'><strong>scripsi</strong></span> 
     </span>
     <span class='ocr_line' id='line_1_34' title="bbox 151 2839 1850 2894; baseline 0.006 -22"><span class='ocrx_word' id='word_1_273' title='bbox 151 2840 212 2882; x_wconf 80' lang='lat' dir='ltr'><strong>(cf.</strong></span> <span class='ocrx_word' id='word_1_274' title='bbox 235 2839 270 2874; x_wconf 81' lang='lat' dir='ltr'><strong>C.</strong></span> <span class='ocrx_word' id='word_1_275' title='bbox 291 2839 324 2874; x_wconf 90' lang='lat' dir='ltr'><strong>I.</strong></span> <span class='ocrx_word' id='word_1_276' title='bbox 345 2839 388 2874; x_wconf 88' lang='lat' dir='ltr'><strong>L.</strong></span> <span class='ocrx_word' id='word_1_277' title='bbox 410 2839 453 2882; x_wconf 91' lang='lat' dir='ltr'><strong>X,</strong></span> <span class='ocrx_word' id='word_1_278' title='bbox 474 2843 494 2873; x_wconf 80' lang='lat'><strong>2</strong></span> <span class='ocrx_word' id='word_1_279' title='bbox 517 2852 554 2885; x_wconf 79' lang='lat' dir='ltr'><strong>p.</strong></span> <span class='ocrx_word' id='word_1_280' title='bbox 578 2843 656 2883; x_wconf 83' lang='lat'><strong>768,</strong></span> <span class='ocrx_word' id='word_1_281' title='bbox 682 2842 789 2877; x_wconf 74' lang='lat' dir='ltr'><strong>inscr.</strong></span> <span class='ocrx_word' id='word_1_282' title='bbox 814 2842 878 2878; x_wconf 83' lang='lat' dir='ltr'><strong>Gr.</strong></span> <span class='ocrx_word' id='word_1_283' title='bbox 898 2844 985 2878; x_wconf 84' lang='lat' dir='ltr'><strong>Ital.</strong></span> <span class='ocrx_word' id='word_1_284' title='bbox 1011 2848 1045 2878; x_wconf 85' lang='lat' dir='ltr'><strong>ct</strong></span> <span class='ocrx_word' id='word_1_285' title='bbox 1063 2843 1133 2878; x_wconf 82' lang='lat' dir='ltr'><strong>Sic.</strong></span> <span class='ocrx_word' id='word_1_286' title='bbox 1154 2844 1206 2879; x_wconf 87' lang='lat' dir='ltr'><strong>ed.</strong></span> <span class='ocrx_word' id='word_1_287' title='bbox 1228 2844 1362 2880; x_wconf 82' lang='lat' dir='ltr'><strong>Kaibel</strong></span> <span class='ocrx_word' id='word_1_288' title='bbox 1375 2858 1415 2890; x_wconf 77' lang='lat' dir='ltr'><strong>p.</strong></span> <span class='ocrx_word' id='word_1_289' title='bbox 1437 2850 1479 2880; x_wconf 82' lang='grc'><strong>61</strong></span> <span class='ocrx_word' id='word_1_290' title='bbox 1494 2849 1570 2891; x_wconf 57' lang='lat' dir='ltr'><strong>sq),</strong></span> <span class='ocrx_word' id='word_1_291' title='bbox 1597 2846 1767 2882; x_wconf 90' lang='lat' dir='ltr'><strong>halesina</strong></span> <span class='ocrx_word' id='word_1_292' title='bbox 1789 2850 1828 2882; x_wconf 83' lang='grc' dir='ltr'>Ψ</span> <span class='ocrx_word' id='word_1_293' title='bbox 1846 2849 1850 2894; x_wconf 64' lang='grc' dir='ltr'>ξ</span> 
     </span>
     <span class='ocr_line' id='line_1_35' title="bbox 151 2886 1849 2937; baseline 0.006 -18"><span class='ocrx_word' id='word_1_294' title='bbox 151 2889 182 2920; x_wconf 89' lang='grc'><strong>8.</strong></span> <span class='ocrx_word' id='word_1_295' title='bbox 209 2898 256 2921; x_wconf 92' lang='lat' dir='ltr'><strong>m.</strong></span> <span class='ocrx_word' id='word_1_296' title='bbox 291 2887 328 2921; x_wconf 88' lang='lat' dir='ltr'><strong>et</strong></span> <span class='ocrx_word' id='word_1_297' title='bbox 359 2886 487 2931; x_wconf 89' lang='lat' dir='ltr'><strong>gaium</strong></span> <span class='ocrx_word' id='word_1_298' title='bbox 522 2886 666 2921; x_wconf 89' lang='lat' dir='ltr'><strong>clodius</strong></span> <span class='ocrx_word' id='word_1_299' title='bbox 692 2888 752 2931; x_wconf 89' lang='lat' dir='ltr'><strong>M,</strong></span> <span class='ocrx_word' id='word_1_300' title='bbox 792 2890 829 2923; x_wconf 88' lang='lat' dir='ltr'><strong>et</strong></span> <span class='ocrx_word' id='word_1_301' title='bbox 859 2889 988 2934; x_wconf 87' lang='lat' dir='ltr'><strong>gaium</strong></span> <span class='ocrx_word' id='word_1_302' title='bbox 1018 2889 1183 2925; x_wconf 85' lang='lat' dir='ltr'><strong>clodium</strong></span> <span class='ocrx_word' id='word_1_303' title='bbox 1213 2891 1270 2934; x_wconf 90' lang='lat' dir='ltr'><strong>D,</strong></span> <span class='ocrx_word' id='word_1_304' title='bbox 1307 2894 1343 2926; x_wconf 83' lang='lat' dir='ltr'><strong>et</strong></span> <span class='ocrx_word' id='word_1_305' title='bbox 1375 2892 1547 2936; x_wconf 86' lang='lat' dir='ltr'><strong>gradium</strong></span> <span class='ocrx_word' id='word_1_306' title='bbox 1583 2893 1747 2928; x_wconf 85' lang='lat' dir='ltr'><strong>clodium</strong></span> <span class='ocrx_word' id='word_1_307' title='bbox 1778 2895 1824 2929; x_wconf 88' lang='lat' dir='ltr'><em>H</em></span> <span class='ocrx_word' id='word_1_308' title='bbox 1838 2898 1849 2937; x_wconf 72' lang='grc' dir='ltr'><strong>’ζ</strong></span> 
     </span>
     <span class='ocr_line' id='line_1_36' title="bbox 152 2933 1850 2986; baseline 0.005 -19"><span class='ocrx_word' id='word_1_309' title='bbox 152 2936 206 2968; x_wconf 90' lang='grc'><strong>10.</strong></span> <span class='ocrx_word' id='word_1_310' title='bbox 233 2933 396 2978; x_wconf 82' lang='lat' dir='ltr'><strong>quadam</strong></span> <span class='ocrx_word' id='word_1_311' title='bbox 422 2946 466 2969; x_wconf 73' lang='lat' dir='ltr'><strong>ex</strong></span> <span class='ocrx_word' id='word_1_312' title='bbox 490 2934 676 2978; x_wconf 86' lang='lat' dir='ltr'><strong>quaedam</strong></span> <span class='ocrx_word' id='word_1_313' title='bbox 702 2935 773 2979; x_wconf 86' lang='lat' dir='ltr'><strong>M¹‚</strong></span> <span class='ocrx_word' id='word_1_314' title='bbox 808 2940 849 2972; x_wconf 78' lang='lat' dir='ltr'><strong>ut</strong></span> <span class='ocrx_word' id='word_1_315' title='bbox 874 2938 946 2972; x_wconf 78' lang='lat' dir='ltr'><em>vid.</em></span> <span class='ocrx_word' id='word_1_316' title='bbox 978 2939 990 2981; x_wconf 86' lang='grc' dir='ltr'><strong>ΙΙ</strong></span> <span class='ocrx_word' id='word_1_317' title='bbox 1023 2940 1076 2972; x_wconf 80' lang='lat'><strong>12.</strong></span> <span class='ocrx_word' id='word_1_318' title='bbox 1103 2937 1170 2972; x_wconf 84' lang='lat' dir='ltr'><strong>hos</strong></span> <span class='ocrx_word' id='word_1_319' title='bbox 1197 2937 1422 2986; x_wconf 83' lang='lat' dir='ltr'><strong>&lt;homines&gt;</strong></span> <span class='ocrx_word' id='word_1_320' title='bbox 1449 2940 1652 2976; x_wconf 70' lang='lat' dir='ltr'><strong>Lambinus</strong></span> <span class='ocrx_word' id='word_1_321' title='bbox 1682 2942 1694 2986; x_wconf 87' lang='grc' dir='ltr'><strong>ΙΙ</strong></span> <span class='ocrx_word' id='word_1_322' title='bbox 1727 2945 1780 2977; x_wconf 89' lang='grc'><strong>14.</strong></span> <span class='ocrx_word' id='word_1_323' title='bbox 1807 2944 1850 2976; x_wconf 87' lang='lat' dir='ltr'><strong>ut</strong></span> 
     </span>
     <span class='ocr_line' id='line_1_37' title="bbox 151 2979 1848 3032; baseline 0.006 -18"><span class='ocrx_word' id='word_1_324' title='bbox 151 2979 204 3014; x_wconf 87' lang='lat' dir='ltr'><strong>eis</strong></span> <span class='ocrx_word' id='word_1_325' title='bbox 230 2991 326 3016; x_wconf 91' lang='lat' dir='ltr'><strong>omn.</strong></span> <span class='ocrx_word' id='word_1_326' title='bbox 354 2979 393 3015; x_wconf 90' lang='lat' dir='ltr'><strong>in</strong></span> <span class='ocrx_word' id='word_1_327' title='bbox 418 2981 544 3027; x_wconf 85' lang='lat' dir='ltr'><strong>rebus]</strong></span> <span class='ocrx_word' id='word_1_328' title='bbox 571 2981 608 3015; x_wconf 90' lang='lat' dir='ltr'><strong>in</strong></span> <span class='ocrx_word' id='word_1_329' title='bbox 634 2981 691 3016; x_wconf 92' lang='lat' dir='ltr'><strong>his</strong></span> <span class='ocrx_word' id='word_1_330' title='bbox 718 2994 813 3018; x_wconf 90' lang='lat' dir='ltr'><strong>omn.</strong></span> <span class='ocrx_word' id='word_1_331' title='bbox 846 2983 885 3017; x_wconf 87' lang='lat' dir='ltr'><strong>in</strong></span> <span class='ocrx_word' id='word_1_332' title='bbox 915 2984 1025 3018; x_wconf 87' lang='lat' dir='ltr'><strong>rebus</strong></span> <span class='ocrx_word' id='word_1_333' title='bbox 1051 2984 1154 3028; x_wconf 83' lang='grc' dir='ltr'><strong>ΜΗ,</strong></span> <span class='ocrx_word' id='word_1_334' title='bbox 1192 2984 1230 3019; x_wconf 88' lang='lat' dir='ltr'><strong>in</strong></span> <span class='ocrx_word' id='word_1_335' title='bbox 1255 2985 1313 3019; x_wconf 89' lang='lat' dir='ltr'><strong>his</strong></span> <span class='ocrx_word' id='word_1_336' title='bbox 1341 2997 1435 3021; x_wconf 89' lang='lat' dir='ltr'><strong>omn.</strong></span> <span class='ocrx_word' id='word_1_337' title='bbox 1463 2987 1572 3022; x_wconf 86' lang='lat' dir='ltr'><strong>rebus</strong></span> <span class='ocrx_word' id='word_1_338' title='bbox 1597 2988 1637 3022; x_wconf 87' lang='lat' dir='ltr'><em>D</em></span> <span class='ocrx_word' id='word_1_339' title='bbox 1666 2989 1678 3032; x_wconf 80' lang='grc' dir='ltr'><strong>ΙΙ</strong></span> <span class='ocrx_word' id='word_1_340' title='bbox 1710 2991 1765 3024; x_wconf 87' lang='grc'><strong>18.</strong></span> <span class='ocrx_word' id='word_1_341' title='bbox 1791 2991 1848 3024; x_wconf 75' lang='lat' dir='ltr'><strong>in-</strong></span> 
     </span>
     <span class='ocr_line' id='line_1_38' title="bbox 149 3028 1846 3080; baseline 0.006 -19"><span class='ocrx_word' id='word_1_342' title='bbox 149 3028 379 3072; x_wconf 68' lang='lat' dir='ltr'><strong>scriptionem</strong></span> <span class='ocrx_word' id='word_1_343' title='bbox 405 3040 470 3067; x_wconf 78' lang='lat' dir='ltr'><strong>om.</strong></span> <span class='ocrx_word' id='word_1_344' title='bbox 500 3030 540 3063; x_wconf 79' lang='grc' dir='ltr'>Ψ</span> <span class='ocrx_word' id='word_1_345' title='bbox 567 3030 579 3074; x_wconf 82' lang='grc' dir='ltr'><strong>ΙΙ</strong></span> <span class='ocrx_word' id='word_1_346' title='bbox 612 3033 664 3063; x_wconf 81' lang='grc'><strong>19.</strong></span> <span class='ocrx_word' id='word_1_347' title='bbox 692 3029 840 3064; x_wconf 87' lang='lat' dir='ltr'><strong>Nasone</strong></span> <span class='ocrx_word' id='word_1_348' title='bbox 868 3029 1051 3078; x_wconf 85' lang='lat' dir='ltr'><strong>&lt;e(quite)</strong></span> <span class='ocrx_word' id='word_1_349' title='bbox 1075 3031 1301 3078; x_wconf 82' lang='lat' dir='ltr'><strong>R(omano)&gt;</strong></span> <span class='ocrx_word' id='word_1_350' title='bbox 1329 3034 1412 3067; x_wconf 88' lang='lat' dir='ltr'><strong>utor</strong></span> <span class='ocrx_word' id='word_1_351' title='bbox 1437 3034 1565 3073; x_wconf 68' lang='lat' dir='ltr'><strong>Kletm</strong></span> <span class='ocrx_word' id='word_1_352' title='bbox 1590 3037 1644 3080; x_wconf 78' lang='lat' dir='ltr'><strong>(p.</strong></span> <span class='ocrx_word' id='word_1_353' title='bbox 1666 3037 1736 3080; x_wconf 89' lang='lat'><strong>50),</strong></span> <span class='ocrx_word' id='word_1_354' title='bbox 1762 3037 1846 3080; x_wconf 79' lang='lat' dir='ltr'><strong>fort.</strong></span> 
     </span>
     <span class='ocr_line' id='line_1_39' title="bbox 149 3076 1846 3125; baseline 0.006 -17"><span class='ocrx_word' id='word_1_355' title='bbox 149 3078 241 3109; x_wconf 86' lang='lat' dir='ltr'><strong>recte</strong></span> <span class='ocrx_word' id='word_1_356' title='bbox 258 3076 271 3117; x_wconf 87' lang='grc' dir='ltr'><strong>ΙΙ</strong></span> <span class='ocrx_word' id='word_1_357' title='bbox 289 3078 345 3110; x_wconf 82' lang='lat'><strong>21.</strong></span> <span class='ocrx_word' id='word_1_358' title='bbox 372 3087 508 3120; x_wconf 88' lang='lat' dir='ltr'><strong>magno</strong></span> <span class='ocrx_word' id='word_1_359' title='bbox 535 3087 644 3120; x_wconf 87' lang='lat' dir='ltr'><strong>opere</strong></span> <span class='ocrx_word' id='word_1_360' title='bbox 665 3087 685 3114; x_wconf 86' lang='grc' dir='ltr'><em>ς</em></span> <span class='ocrx_word' id='word_1_361' title='bbox 705 3079 716 3120; x_wconf 82' lang='grc' dir='ltr'><strong>ΙΙ</strong></span> <span class='ocrx_word' id='word_1_362' title='bbox 736 3080 789 3111; x_wconf 77' lang='lat'><strong>22.</strong></span> <span class='ocrx_word' id='word_1_363' title='bbox 817 3077 889 3112; x_wconf 90' lang='lat' dir='ltr'><strong>tibi</strong></span> <span class='ocrx_word' id='word_1_364' title='bbox 914 3078 1037 3113; x_wconf 86' lang='lat' dir='ltr'><strong>uerbis</strong></span> <span class='ocrx_word' id='word_1_365' title='bbox 1057 3078 1096 3113; x_wconf 90' lang='lat' dir='ltr'><em>D</em></span> <span class='ocrx_word' id='word_1_366' title='bbox 1114 3080 1125 3124; x_wconf 86' lang='grc' dir='ltr'><strong>ΙΙ</strong></span> <span class='ocrx_word' id='word_1_367' title='bbox 1145 3082 1200 3115; x_wconf 79' lang='lat'><strong>24.</strong></span> <span class='ocrx_word' id='word_1_368' title='bbox 1228 3079 1476 3116; x_wconf 81' lang='lat' dir='ltr'><strong>demostratus</strong></span> <span class='ocrx_word' id='word_1_369' title='bbox 1495 3082 1544 3125; x_wconf 91' lang='lat' dir='ltr'><strong>D,</strong></span> <span class='ocrx_word' id='word_1_370' title='bbox 1572 3082 1846 3118; x_wconf 86' lang='lat' dir='ltr'><strong>demonstratus</strong></span> 
     </span>
     <span class='ocr_line' id='line_1_40' title="bbox 152 3120 1845 3175; baseline 0.006 -20"><span class='ocrx_word' id='word_1_371' title='bbox 152 3120 239 3154; x_wconf 86' lang='lat' dir='ltr'><strong>MH</strong></span> <span class='ocrx_word' id='word_1_372' title='bbox 254 3121 267 3165; x_wconf 76' lang='grc' dir='ltr'><strong>ΙΙ</strong></span> <span class='ocrx_word' id='word_1_373' title='bbox 285 3124 341 3157; x_wconf 82' lang='lat'><strong>25.</strong></span> <span class='ocrx_word' id='word_1_374' title='bbox 366 3133 451 3157; x_wconf 86' lang='lat' dir='ltr'><strong>mea</strong></span> <span class='ocrx_word' id='word_1_375' title='bbox 475 3123 525 3167; x_wconf 89' lang='lat' dir='ltr'><strong>D,</strong></span> <span class='ocrx_word' id='word_1_376' title='bbox 552 3134 656 3158; x_wconf 88' lang='lat' dir='ltr'><strong>meae</strong></span> <span class='ocrx_word' id='word_1_377' title='bbox 683 3124 771 3158; x_wconf 83' lang='grc' dir='ltr'><strong>ΜΗ</strong></span> <span class='ocrx_word' id='word_1_378' title='bbox 786 3126 797 3168; x_wconf 90' lang='grc' dir='ltr'><strong>ΙΙ</strong></span> <span class='ocrx_word' id='word_1_379' title='bbox 818 3128 872 3159; x_wconf 81' lang='grc'><strong>29.</strong></span> <span class='ocrx_word' id='word_1_380' title='bbox 900 3127 1170 3170; x_wconf 76' lang='lat' dir='ltr'><strong>inscriptionem</strong></span> <span class='ocrx_word' id='word_1_381' title='bbox 1195 3138 1261 3161; x_wconf 87' lang='lat' dir='ltr'><strong>om.</strong></span> <span class='ocrx_word' id='word_1_382' title='bbox 1288 3127 1384 3163; x_wconf 85' lang='lat' dir='ltr'><strong>MH.</strong></span> <span class='ocrx_word' id='word_1_383' title='bbox 1418 3127 1587 3164; x_wconf 85' lang='lat' dir='ltr'>CICERO</span> <span class='ocrx_word' id='word_1_384' title='bbox 1613 3129 1770 3166; x_wconf 88' lang='lat' dir='ltr'><strong>ACILIO</strong></span> <span class='ocrx_word' id='word_1_385' title='bbox 1796 3131 1845 3175; x_wconf 92' lang='lat' dir='ltr'><strong>D,</strong></span> 
     </span>
     <span class='ocr_line' id='line_1_41' title="bbox 150 3169 1386 3219; baseline 0.006 -16"><span class='ocrx_word' id='word_1_386' title='bbox 150 3178 194 3203; x_wconf 74' lang='lat' dir='ltr'><strong>ex</strong></span> <span class='ocrx_word' id='word_1_387' title='bbox 218 3169 496 3213; x_wconf 76' lang='lat' dir='ltr'><strong>interpolatione</strong></span> <span class='ocrx_word' id='word_1_388' title='bbox 516 3175 608 3215; x_wconf 70' lang='lat' dir='ltr'><strong>puto</strong></span> <span class='ocrx_word' id='word_1_389' title='bbox 626 3173 638 3215; x_wconf 76' lang='grc' dir='ltr'><strong>ΙΙ</strong></span> <span class='ocrx_word' id='word_1_390' title='bbox 658 3174 713 3206; x_wconf 84' lang='lat'><strong>30.</strong></span> <span class='ocrx_word' id='word_1_391' title='bbox 741 3176 795 3206; x_wconf 86' lang='lat'><strong>31.</strong></span> <span class='ocrx_word' id='word_1_392' title='bbox 822 3171 1012 3217; x_wconf 82' lang='lat' dir='ltr'><strong>lilybitoni</strong></span> <span class='ocrx_word' id='word_1_393' title='bbox 1037 3172 1231 3218; x_wconf 84' lang='lat' dir='ltr'><strong>(lilibitoni</strong></span> <span class='ocrx_word' id='word_1_394' title='bbox 1257 3174 1316 3219; x_wconf 82' lang='grc' dir='ltr'><strong>ΙΙ)</strong></span> <span class='ocrx_word' id='word_1_395' title='bbox 1346 3177 1386 3210; x_wconf 83' lang='grc' dir='ltr'><strong>Ψ</strong></span> 
     </span>
    </p>
   </div>
  </div>
 </body>
</html>
