2242 3496
402 176 487 217 164
1001 171 1049 206 Μ.
1077 170 1219 204 TVLLI
1245 168 1495 205 CICERONIS

400 284 596 326 essedum
635 281 808 336 aliquod
848 280 991 333 capias
1034 279 1192 320 suadeo
1225 280 1268 319 et
1301 278 1354 319 ad
1385 292 1463 319 nos
1502 292 1631 332 quam
1667 278 1856 332 primum
1895 292 2101 320 recurras.

352 365 372 395 2
400 355 466 396 sin
498 357 640 395 autem
675 352 765 393 sine
798 350 1024 391 Britannia
1056 352 1202 390 tamen
1236 349 1427 403 adsequi,
1467 348 1581 402 quod
1613 349 1828 402 volumus,
1860 363 2102 403 possumus,

398 425 572 479 perfice,
618 426 666 463 ut
705 422 763 462 sis
805 421 851 461 in
894 419 1183 461 familiaribus
1223 419 1439 462 Caesaris:
1484 419 1670 459 multum
1709 421 1752 460 te
1790 419 1834 459 in
1873 433 1922 460 eo
1966 418 2102 460 frater

399 493 620 537 adiuvabit
658 507 796 546 meus,
834 492 1021 532 multum
1059 490 1241 544 Balbus,
1283 491 1374 544 sed,
1416 490 1524 531 mihi
1562 490 1701 543 crede,
1744 492 1845 531 tuus
1883 490 2022 544 pudor
2059 493 2103 531 et

396 566 522 607 labor
546 563 793 618 plurimum.
837 562 1187 616 †imperatorem
1212 559 1578 614 liberalissimum,
1611 563 1799 602 aetatem
1827 561 2101 615 opportunis-

399 636 564 688 simam,
597 633 1017 675 commendationem
1051 635 1166 675 certe
1193 631 1470 687 singularem,
1502 635 1551 672 ut
1583 631 1665 673 tibi
1696 646 1830 673 unum
1863 631 2102 673 timendum

400 706 475 760 sit,
504 720 557 746 ne
589 705 681 759 ipse
714 703 796 746 tibi
828 704 1014 746 defuisse
1045 704 1226 746 videare.

1115 857 1235 899 Vin.
1280 856 1386 914 (42.)

977 951 1189 995 cronno
1222 948 1528 993 TREBATIO.

355 1061 370 1091 1
519 1048 704 1104 Scripsit
736 1049 790 1090 ad
821 1063 888 1090 me
917 1046 1074 1088 Caesar
1098 1046 1431 1101 perhumaniter
1458 1044 1649 1086 nondum
1680 1047 1723 1086 te
1756 1045 1839 1087 sibi
1873 1046 1979 1087 satis
2011 1060 2103 1087 esse

398 1120 658 1161 familiarem
689 1122 867 1174 propter
906 1118 1209 1172 occupationes
1250 1131 1367 1171 suas,
1408 1115 1482 1157 sed
1522 1118 1636 1156 certe
1675 1115 1784 1157 fore:
1824 1116 1892 1157 cui
1931 1117 2104 1171 quidem

399 1206 479 1247 ego
513 1190 729 1245 rescripsi,
761 1205 889 1244 quam
923 1189 1029 1230 mihi
1061 1191 1237 1244 gratum
1263 1190 1375 1229 esset
1400 1187 1607 1240 futurum,
1641 1187 1677 1227 si
1710 1201 1839 1241 quam
1870 1187 2105 1242 plurimum

398 1262 442 1303 in
469 1265 511 1304 te
539 1261 683 1315 studii,
716 1261 861 1314 officii,
893 1260 1172 1302 liberalitatis
1201 1274 1300 1301 suae
1329 1257 1594 1300 contulisset.
1653 1258 1727 1299 sed
1753 1273 1804 1299 ex
1830 1258 1917 1299 tuis
1943 1257 2104 1299 litteris

398 1332 581 1389 cognovi
618 1347 953 1387 praeproperam
993 1331 1207 1386 quandam
1249 1329 1575 1371 festinationem
1613 1331 1732 1370 tuam
1766 1332 1809 1370 et
1842 1329 1972 1370 simul
2010 1344 2105 1370 sum

401 1403 651 1456 admiratus,
685 1418 759 1444 cur
790 1403 1039 1444 tribunatus
1068 1401 1306 1453 commoda,
1338 1400 1513 1454 dempto
1540 1400 1798 1454 praesertim
1828 1400 1975 1442 labore
2003 1399 2111 1441 mili-

353 1486 373 1516 2
406 1475 510 1528 tiae,
544 1474 867 1528 contempseris.
930 1487 1085 1527 querar
1118 1487 1215 1514 cum
1247 1470 1438 1512 Vacerra
1470 1473 1513 1511 et
1545 1469 1746 1527 Manilio,
1776 1486 1878 1512 nam
1909 1469 2111 1513 Cornelio

400 1545 509 1587 nihil
543 1545 677 1586 audeo
711 1544 869 1598 dicere,
902 1544 1022 1585 cuius
1055 1546 1103 1585 tu
1135 1542 1327 1597 periculo
1361 1542 1522 1582 stultus
1556 1556 1618 1596 es,
1661 1543 1866 1597 quoniam
1898 1545 1941 1583 te
1974 1543 2028 1583 ab
2062 1557 2111 1584 eo

401 1632 549 1671 sapere
601 1615 800 1657 didicisse
850 1615 1079 1670 profiteris.
1156 1612 1260 1668 quin
1305 1616 1353 1654 tu
1398 1627 1527 1668 urges
1574 1612 1704 1654 istam
1754 1613 2024 1655 occasionem
2068 1616 2111 1655 et

400 1688 671 1741 facultatem,
712 1702 796 1741 qua
828 1687 981 1728 melior
1012 1700 1247 1740 numquam
1288 1683 1556 1738 reperietur?
1620 1685 1733 1739 quod
1767 1684 1920 1726 scribis
1953 1684 2003 1726 de
2035 1684 2111 1726 illo

400 1758 607 1800 Preciano
647 1757 963 1810 iureconsulto,
1004 1771 1083 1812 ego
1123 1759 1165 1797 te
1204 1755 1243 1796 ei
1280 1769 1368 1796 non
1407 1754 1558 1795 desino
1597 1755 1915 1811 commendare,
1959 1755 2112 1797 scribit

401 1830 515 1870 enim
547 1829 639 1883 ipse
671 1828 778 1869 mihi
810 1831 852 1869 te
887 1828 969 1869 sibi
1003 1827 1167 1882 gratias
1201 1839 1328 1880 agere
1368 1825 1539 1866 debere:
1581 1825 1630 1866 de
1664 1841 1713 1867 eo
1748 1826 1849 1881 quid
1883 1825 1958 1880 sit,
1998 1841 2112 1880 cura,

400 1903 449 1941 ut
483 1900 627 1942 sciam.
690 1914 769 1955 ego
802 1903 969 1941 vestras
1001 1898 1277 1940 Britannicas
1310 1896 1480 1937 litteras
1514 1899 1728 1951 exspecto.

1142 2051 1216 2093 ΙΧ.
1262 2050 1368 2105 (44.)

980 2145 1193 2189 cicERo
1227 2144 1536 2186 TREBATIO.

361 2257 374 2285 1
523 2243 692 2285 Iamdiu
724 2243 890 2298 ignoro,
924 2242 1025 2297 quid
1059 2255 1180 2297 agas3
1212 2240 1321 2282 nihil
1354 2240 1468 2281 enim
1495 2239 1668 2294 scribis3
1700 2253 1838 2294 neque
1871 2254 1951 2296 ego
1985 2241 2038 2282 ad
2069 2244 2112 2282 te

403 2315 471 2356 his
512 2315 679 2356 duobus
725 2313 945 2355 mensibus
991 2312 1266 2366 scripseram:
1312 2311 1424 2366 quod
1463 2325 1561 2352 cum
1601 2310 1783 2365 Quinto,
1825 2310 1961 2353 fratre
2005 2327 2113 2367 meo,

404 2401 492 2428 non
531 2400 644 2439 eras,
689 2400 773 2439 quo
812 2385 1033 2425 mitterem
1078 2385 1153 2424 aut
1192 2382 1260 2424 cui
1298 2382 1462 2436 darem,
1505 2381 1762 2423 nesciebam.
1824 2382 1949 2436 cupio
1993 2382 2113 2438 scire,

406 2456 508 2511 quid
541 2471 644 2512 agas
678 2459 721 2497 et
753 2456 828 2497 ubi
861 2454 920 2496 sis
953 2454 1243 2495 hiematurus:
1286 2453 1484 2507 equidem
1516 2452 1645 2493 velim
1678 2467 1774 2493 cum
1807 2451 2007 2508 Caesare,
2039 2454 2112 2496 sed

405 2528 457 2568 ad
490 2542 588 2568 eum
618 2529 798 2581 propter
830 2526 921 2567 eius
953 2524 1098 2566 *nihil
1132 2539 1226 2566 sum
1259 2539 1388 2565 ausus
1421 2524 1625 2579 scribere3
1666 2523 1719 2564 ad
1750 2523 1936 2565 Balbum
1967 2527 2114 2566 tamen

530 2662 558 2690 1.
586 2666 660 2699 qua
685 2653 845 2698 primum
872 2664 1065 2688 recurrans
1092 2654 1140 2687 M
1154 2655 1165 2698 Η
1185 2657 1216 2688 2.
1244 2651 1453 2686 brittannia
1478 2652 1527 2686 M
1542 2653 1553 2696 ΙΙ
1579 2655 1610 2685 4.
1637 2651 1798 2686 multum
1822 2653 1860 2686 te
1885 2651 2020 2686 balbus
2049 2652 2083 2687 G·
2101 2652 2113 2698 ΙΙ

409 2706 438 2737 5.
467 2701 772 2736 liberalissimam
805 2702 857 2745 R,
893 2700 1201 2736 liberatissimum
1229 2700 1262 2735 G-
1293 2701 1304 2743 Η
1337 2703 1357 2733 5
1379 2711 1431 2743 sq.
1459 2700 1646 2734 intercidit
1675 2700 1839 2734 verbum:
1878 2698 2052 2746 <habes>
2080 2711 2112 2744 ς,

409 2749 642 2796 (invenisti)
682 2750 873 2783 Lehmann
918 2750 970 2793 (p.
1002 2750 1061 2793 57)
1093 2750 1104 2793 Η
1143 2751 1196 2782 15.
1236 2746 1450 2781 tribunatus
1488 2746 1699 2792 commoda]
1739 2748 1783 2789 οἵ.
1823 2745 2023 2780 Mommsen
2062 2747 2110 2782 ‘oz

409 2798 578 2832 ,S'tacctsox'
607 2797 647 2830 13
667 2808 705 2841 2).
728 2799 807 2840 300,
829 2800 850 2829 4
875 2798 886 2840 ΙΙ
913 2800 967 2830 16.
995 2807 1153 2840 quaerar
1173 2796 1221 2829 M
1242 2796 1253 2839 l}
1281 2798 1334 2828 18.
1363 2794 1503 2828 didisse
1530 2793 1603 2837 Ml,
1629 2805 1719 2829 corr.
1741 2794 1808 2828 Mc
1832 2794 1843 2837 ΙΙ
1868 2796 1924 2827 20.
1950 2793 2111 2838 praesci—

410 2855 479 2878 ano
510 2845 542 2879 G
560 2846 572 2888 ΙΙ
592 2848 647 2878 21.
675 2842 787 2887 enini!
822 2843 936 2877 etiam
961 2844 1182 2886 Lambinus,
1215 2844 1298 2885 fort.
1325 2846 1415 2876 recte
1434 2843 1445 2886 l}
1465 2844 1521 2876 25.
1548 2840 1625 2875 iam
1651 2841 1684 2875 d.
1713 2840 1810 2883 MR,
1846 2851 1958 2883 quam
1985 2840 2018 2874 d.
2049 2841 2081 2876 G

410 2895 464 2925 26.
492 2902 574 2924 cum
600 2890 754 2936 Quinto]
783 2901 940 2933 cumque
967 2892 1106 2935 531127.
1134 2900 1206 2934 quo
1233 2888 1420 2923 mitterem
1446 2889 1500 2932 M,
1528 2887 1796 2922 committerem
1824 2887 2001 2931 GR1128.
2030 2899 2111 2922 cae-

411 2939 537 2981 811161,
573 2942 589 2970 1
619 2939 686 2972 litt.
714 2950 774 2980 er„
806 2938 856 2971 M
887 2939 898 2981 ΙΙ
935 2941 990 2971 29.
1019 2942 1104 2981 post
1136 2937 1214 2972 eius
1246 2941 1339 2979 spat.
1366 2939 1459 2970 3—4
1484 2937 1552 2970 litt.
1585 2937 1626 2969 in
1656 2934 1703 2968 R.
1749 2934 1798 2968 ad
1821 2934 1943 2968 Iuliae
1976 2936 2112 2970 obitum

410 2985 539 3018 (alludi
572 2997 648 3019 cum
684 2989 818 3019 certum.
849 2986 914 3028 sit,
951 2986 1192 3029 supplemlmn
1224 2984 1366 3017 luctum
1398 2984 1476 3027 (hoc
1503 2982 1685 3016 Victorius
1710 2991 1754 3015 eoe
1778 2992 1831 3025 ep.
1859 2982 1907 3015 ad
1937 2981 2112 3026 Quintum

411 3031 455 3072 fr.
486 3031 548 3074 111,
585 3037 620 3075 1,
649 3034 725 3075 25),
765 3042 893 3066 casum
930 3032 1007 3075 (hoc
1040 3032 1160 3077 Beryl-
1197 3042 1282 3065 (mn.
1318 3031 1410 3074 phil.
1443 3029 1561 3072 suppl.
1593 3027 1687 3061 XIII.
1723 3031 1824 3062 1884.
1852 3039 1891 3072 p.
1914 3032 1993 3072 623,
2015 3034 2036 3063 4
2068 3040 2112 3064 ex

411 3079 565 3111 eiusdem
591 3079 695 3160 61).G§
717 3082 790 3123 17),
832 3080 882 3114 cel
917 3079 986 3113 tale
1022 3079 1174 3123 aliquid.
1207 3075 1528 3126 (occupationes)
1561 3076 1676 3120 (mem
1711 3074 1835 3121 Orelli)
1862 3086 1900 3119 ς,
1938 3077 2080 3112 iniuria
2099 3077 2112 3124 Η

413 3134 523 3158 ausus
548 3136 613 3158 om.

2126 1062 2157 1085 10

2131 1415 2165 1440 15

2132 1770 2166 1795 20

2132 2253 2166 2280 25

2231 1943 2242 2069 ...σηοω-..ι
2239 1851 2242 1882 l.
2232 1811 2242 1818 ι
2231 1764 2242 1789 ι.
