2242 3496
372 509 387 538 1

371 792 390 821 [ἃ

426 155 506 196 152
1020 153 1069 186 M.
1097 151 1240 185 TVLLI
1266 149 1516 185 CICERONIS

1117 305 1230 347 xix.
1285 304 1424 362 (302.)

1024 400 1237 443 cicERo
1273 400 1516 443 LEPTAE.

535 496 751 537 Maculam
797 495 940 537 officio
986 496 1182 538 functum
1227 510 1319 537 esse
1365 496 1541 550 gaudeo.
1611 496 1702 538 eius
1740 496 1972 539 Falernum
2014 497 2121 539 mihi

416 582 583 621 semper
614 566 816 607 idoneum
850 567 990 608 visum
1031 570 1097 608 est
1136 566 1403 621 devorsorio,
1442 567 1478 608 si
1517 567 1644 608 modo
1684 568 1788 608 tecti
1820 568 1925 609 satis
1964 571 2031 610 est
2068 569 2121 609 ad

416 638 672 680 comitatum
697 640 898 678 nostrum
925 637 1236 692 recipiendum,
1269 638 1489 692 ceteroqui
1519 638 1626 679 mihi
1652 639 1772 680 locus
1798 654 1885 680 non
1911 639 2121 694 displicet.
2159 655 2175 680 5

414 724 491 750 nec
525 722 574 748 ea
606 722 651 748 re
683 707 910 749 Petrinum
942 712 1066 750 tuum
1104 708 1318 763 deseram3
1356 724 1457 750 nam
1490 711 1533 750 et
1564 709 1668 750 villa
1701 712 1744 750 et
1775 709 2015 751 amoenitas
2046 710 2122 752 illa

419 779 772 821 commorationis
812 782 896 834 est,
936 794 1024 821 non
1056 779 1304 821 devorsorii.
1367 780 1417 820 de
1457 780 1677 821 curatione
1717 780 1861 836 aliqua
1899 795 2122 822 munerum

414 850 636 905 regiorum
675 865 772 891 cum
806 849 947 904 Oppio
986 851 1157 892 locutus
1197 865 1312 905 sum,
1348 865 1450 891 nam
1481 849 1685 905 Balbum,
1724 853 1877 906 postea
1915 865 2044 905 quam
2075 853 2123 892 tu

383 935 385 937 ·
415 936 459 962 es
492 920 727 975 profectus,
759 936 846 963 non
877 921 980 962 vidi:
1015 921 1151 962 tantis
1184 921 1342 975 pedum
1369 921 1593 962 doloribus
1628 921 1838 975 adficitur,
1869 924 1919 963 ut
1950 936 1994 963 se
2027 936 2123 964 con-

413 991 551 1033 veniri
576 991 699 1032 nolit.
757 992 931 1033 omnino
966 992 1016 1033 de
1048 995 1142 1033 tota
1174 1007 1232 1046 re,
1263 995 1312 1033 ut
1344 992 1451 1032 mihi
1478 992 1648 1046 videris,
1681 992 1919 1047 sapientius
1945 992 2122 1047 faceres,
2143 1007 2176 1032 ιο

415 1063 451 1104 51
494 1078 582 1104 non
626 1077 820 1117 curares,
873 1063 986 1116 quod
1031 1063 1146 1104 enim
1191 1078 1240 1104 eo
1284 1062 1432 1104 labore
1477 1062 1652 1117 adsequi
1696 1062 1782 1117 vis,
1830 1064 1950 1105 nullo
1995 1063 2122 1105 modo

415 1134 665 1188 adsequere3
708 1136 833 1174 tanta
865 1136 932 1174 est
964 1133 1078 1175 enim
1115 1133 1384 1175 intumorum
1417 1132 1670 1189 multitudo,
1708 1137 1756 1175 ut
1789 1148 1841 1175 ex
1873 1133 1934 1176 eis
1967 1134 2123 1188 aliquis

414 1205 560 1260 potius
593 1204 761 1258 effluat,
800 1219 929 1258 quam
966 1219 1078 1246 novo
1113 1204 1170 1245 sit
1203 1204 1364 1259 aditus,
1404 1204 1661 1259 praesertim
1701 1205 1775 1259 qui
1811 1205 1920 1246 nihil
1959 1204 2125 1246 adferat

414 1278 585 1330 praeter
630 1290 826 1330 operam,
870 1275 915 1316 in
953 1290 1038 1330 qua
1079 1275 1151 1316 ille
1194 1290 1239 1316 se
1281 1275 1449 1317 dedisse
1494 1275 1751 1316 beneficium
1795 1276 1968 1330 putabit
1998 1301 2056 1305 —
2087 1276 2124 1317 si

415 1347 541 1389 modo
574 1347 718 1401 ipsum
751 1347 859 1388 sciet
883 1372 953 1401 —,
984 1362 1072 1388 non
1106 1346 1334 1401 accepisse.
1392 1347 1465 1387 sed
1497 1349 1643 1388 tamen
1676 1346 1838 1400 aliquid
1870 1346 2124 1402 videbimus,
2145 1361 2177 1386 15

414 1419 458 1458 in
492 1433 576 1472 quo
610 1418 668 1459 sit
701 1418 883 1473 species3
923 1419 1050 1459 aliter
1090 1418 1263 1473 quidem
1301 1433 1389 1459 non
1428 1418 1556 1460 modo
1588 1433 1675 1460 non
1708 1418 2012 1473 adpetendum,
2051 1418 2123 1459 sed

415 1489 547 1530 etiam
585 1488 836 1544 fugiendum
875 1493 994 1544 puto.
1058 1504 1138 1545 ego
1177 1504 1244 1530 me
1282 1490 1466 1530 Asturae
1505 1489 1668 1530 diutius
1711 1489 1902 1531 arbitror
1939 1503 2124 1532 commo-

415 1563 627 1615 raturum,
660 1561 801 1614 quoad
833 1560 906 1602 ille
940 1561 1196 1615 quandoque
1228 1560 1385 1602 veniat.
1441 1560 1548 1602 vale.

1136 1725 1229 1767 XX.
1276 1723 1414 1782 (304.)

976 1820 1189 1864 CICERO
1224 1820 1490 1863 TORANIO
1527 1820 1566 1863 s,
2145 1835 2179 1860 20

535 1916 748 1957 Dederam
781 1916 925 1957 triduo
954 1918 1052 1957 ante
1078 1915 1224 1969 pueris
1253 1913 1326 1957 On.
1354 1915 1521 1957 Plancii
1553 1916 1722 1957 litteras
1756 1916 1808 1956 ad
1841 1919 1904 1971 te3
1936 1931 1985 1958 eo
2011 1931 2126 1958 nunc

417 2002 489 2028 ero
524 1987 697 2028 brevior
728 1990 871 2041 teque,
902 1990 951 2028 ut
985 1989 1111 2028 antea
1137 1987 1405 2040 consolabar,
1436 1986 1519 2028 1100
1546 1989 1743 2041 tempore
1769 1988 1966 2029 monebo.
2015 1986 2127 2029 nihil

416 2061 522 2112 puto
562 2058 644 2099 tibi
683 2072 775 2099 esse
814 2058 964 2099 utilius
1011 2073 1139 2111 quam
1184 2057 1346 2099 ibidem
1385 2057 1592 2112 opperiri,
1637 2058 1777 2112 quoad
1821 2058 1928 2100 scire
1971 2058 2126 2113 possis,

418 2129 519 2182 quid
552 2129 632 2170 tibi
666 2129 880 2183 agendum
908 2129 983 2170 sit:
1014 2144 1115 2170 nam
1148 2131 1321 2183 praeter
1345 2128 1638 2183 navigationis
1664 2128 1820 2184 longae
1853 2131 1896 2170 et
1926 2129 2126 2171 hiemalis

417 2203 460 2240 et
498 2199 673 2240 minime
712 2203 945 2254 portuosae
986 2200 1244 2254 periculum,
1291 2201 1400 2254 quod
1442 2200 1665 2255 vitaveris,
1707 2215 1761 2241 ne
1798 2200 1906 2241 illud
1951 2199 2123 2254 quidem
2145 2214 2178 2239 25

417 2286 503 2312 non
543 2271 779 2324 quantivis.
824 2271 988 2325 subito,
1028 2286 1124 2312 cum
1163 2271 1271 2312 certi
1310 2271 1474 2326 aliquid
1512 2271 1718 2326 audieris,
1757 2274 1799 2313 te
1838 2271 1958 2313 istim
1994 2285 2122 2326 posse

418 2341 649 2395 pmficiseig
695 2342 804 2382 nihil
849 2345 915 2383 est
958 2345 1199 2396 praeterea,
1244 2357 1319 2383 cur
1364 2343 1619 2383 adventibus
1659 2345 1700 2382 te
1744 2342 1895 2383 offerre
1941 2341 2122 2397 gestias3

420 2412 556 2453 multa
605 2416 828 2466 praeterea
878 2416 1045 2469 metuo,
1098 2428 1205 2468 quae
1260 2428 1356 2454 cum
1402 2412 1550 2455 Cilone
1596 2416 1746 2454 nostro
1797 2413 2121 2455 communicavi.

538 2568 569 2599 4.
597 2564 719 2598 uisum
751 2565 807 2599 est
840 2564 1016 2599 idoneum
1045 2566 1079 2601 G
1115 2567 1126 2610 ΙΙ
1164 2565 1377 2600 deuersorio
1411 2566 1508 2609 MR,
1543 2565 1751 2600 diuersorso
1787 2566 1837 2608 G,
1871 2564 2124 2600 deuersorium

426 2612 636 2657 wesenberg)
668 2614 679 2656 ΙΙ
711 2615 742 2646 6.
775 2611 869 2646 uilia
900 2613 949 2647 M
975 2614 986 2657 11
1020 2616 1049 2647 7.
1084 2612 1289 2647 (1000150111
1321 2614 1419 2656 MR,
1457 2612 1652 2647 diuersorii
1687 2613 1720 2648 G
1757 2614 1769 2658 ΙΙ
1807 2616 1837 2647 7.
1865 2617 1896 2647 8.
1928 2623 2119 2647 numerum

418 2659 612 2703 regionum
646 2660 679 2694 G
715 2661 726 2703 Η
765 2662 795 2694 S.
833 2659 917 2704 opio
953 2661 1001 2704 G,
1042 2660 1153 2705 appio
1186 2661 1222 2695 R
1260 2662 1271 2705 Ιὶ
1307 2659 1442 2694 balbus
1475 2661 1525 2694 M
1556 2662 1566 2705 ΙΙ
1604 2664 1634 2695 9.
1665 2664 1717 2695 10.
1759 2658 1949 2694 conueniri
1986 2671 2025 2694 se
2058 2661 2113 2695 G*

425 2734 475 2763 1-2.
503 2708 676 2768 eshenim.
710 2732 767 2764 est
792 2743 815 2764 (ι
840 2743 883 2765 m.
913 2735 944 2774 1,
970 2732 1024 2774 R,
1060 2731 1159 2766 enim
1191 2733 1247 2765 est
1275 2732 1309 2766 G
1346 2733 1356 2775 ΙΙ
1394 2730 1605 2765 intimorem
1633 2732 1683 2774 G,
1716 2731 1939 2765 internorum
1965 2742 2009 2766 ex
2033 2729 2120 2766 inti-

420 2788 563 2811 morum
587 2777 648 2812 R*
673 2779 684 2821 Η
714 2777 782 2823 015]
809 2777 866 2812 his
893 2780 936 2822 Ω,
964 2778 1009 2812 115
1037 2791 1056 2816 ς
1086 2781 1096 2823 Η
1128 2783 1180 2813 15.
1210 2778 1304 2825 (id)
1331 2778 1451 2822 ipsum
1479 2780 1548 2813 aliz?
1578 2780 1589 2823 Ιι
1622 2781 1675 2813 16.
1704 2777 1754 2812 sit
1778 2789 1843 2813 om.
1872 2778 1906 2813 G
1933 2779 1945 2822 ΙΙ
1975 2781 2027 2812 17.
2057 2778 2119 2813 ad-

422 2825 527 2857 turae
553 2824 620 2868 (-1·e
649 2826 735 2869 GR)
762 2826 796 2858 Ω
821 2826 832 2869 ΙΙ
858 2829 912 2859 18.
941 2826 1089 2869 quando
1118 2827 1150 2861 G
1177 2828 1187 2869 Η
1216 2830 1271 2860 22.
1298 2826 1446 2860 breuior
1471 2826 1532 2864 M.
1558 2825 1722 2860 breuiter
1750 2825 1822 2860 GR
1846 2826 1858 2869 ΙΙ
1882 2824 2040 2859 monebo
2065 2826 2120 2868 M,

423 2875 453 2904 et
485 2882 528 2905 ex
558 2871 717 2905 manebo
745 2871 814 2915 Gli,
846 2873 1003 2907 manebo
1030 2874 1066 2908 R
1104 2875 1115 2917 ΙΙ
1153 2877 1207 2908 23.
1240 2874 1330 2917 puto
1366 2885 1430 2908 om.
1461 2873 1494 2908 G
1526 2875 1537 2917 ΙΙ
1568 2884 1680 2916 quam
1701 2893 1742 2897 —-
1765 2875 1821 2906 24.
1847 2870 1919 2905 tibi
1945 2882 2011 2907 om.
2040 2873 2090 2908 G¹
2110 2880 2121 2920 ,j

423 2920 477 2950 23.
506 2917 683 2963 opperiri]
709 2918 877 2963 opperire
903 2920 951 2962 R,
977 2919 1115 2964 operir,
1142 2922 1211 2963 sine
1240 2921 1355 2956 vocab.
1383 2921 1533 2964 absciso,
1560 2921 1604 2964 G,
1631 2917 1759 2964 opperi
1784 2919 1834 2953 M
1847 2920 1858 2963 ΙΙ
1879 2929 1950 2962 quo
1976 2919 2121 2955 adscire

423 2964 478 3006 M,
504 2965 603 3007 quod
630 2965 677 2999 ad
704 2966 794 3000 50110
822 2966 875 3009 R,
909 2967 1008 3010 quod
1034 2967 1144 3001 asciri
1172 2968 1205 3002 G
1236 2969 1247 3012 Η
1279 2970 1333 3002 25.
1362 2967 1512 3011 quidem
1537 2979 1603 3002 om.
1632 2966 1666 3001 G
1697 2967 1708 3009 ΙΙ
1739 2968 1794 3000 26.
1822 2966 2010 3009 quantivis
2039 2967 2120 3003 Vic-

424 3012 555 3053 torius,
587 3013 758 3054 quamuis
790 3014 888 3055 MR,
927 3018 977 3056 et,
1003 3019 1087 3057 post
1119 3014 1242 3048 subito
1281 3015 1511 3057 collocatum,
1544 3014 1578 3048 G
1614 3014 1626 3057 Η
1662 3012 1774 3046 istinc
1801 3013 1834 3048 G
1866 3014 1878 3057 Ιῖ
1910 3017 1963 3049 27.
1992 3025 2056 3049 cur
2076 3035 2120 3040 —

425 3059 479 3090 28.
507 3057 624 3091 multa
657 3072 720 3093 om.
751 3060 798 3094 G¹
821 3062 906 3103 1127.
936 3060 1159 3095 aduentibus
1192 3061 1252 3105 M,
1286 3061 1509 3096 adeuntibus
1537 3060 1608 3096 GR
1627 3061 1638 3103 ΙΙ
1658 3063 1712 3094 28.
1739 3061 1934 3104 praeterea
1959 3072 2024 3096 om.
2055 3063 2089 3098 G
2109 3063 2120 3109 [Ι

425 3104 536 3148 quae]
564 3115 657 3147 quae
684 3117 778 3149 quae
805 3107 858 3150 M,
886 3118 1054 3151 quaeque
1082 3108 1155 3144 GR
