2242 3542
774 229 1113 266 EPISTVLARVM
1141 232 1164 266 l.
1194 235 1223 267 7.
1796 233 1842 273 ll

152 339 282 382 verbo
322 338 384 381 uti
417 354 503 381 11011
536 339 643 381 libet
675 364 748 393 —,
791 340 863 394 qui
896 355 992 394 nos,
1037 355 1143 395 quos
1183 340 1363 382 favendo
1396 340 1440 381 in
1473 340 1688 382 communi
1722 355 1849 381 causa

152 410 335 451 retinere
357 413 603 464 potueruut,
631 410 858 452 invidendo
880 410 1195 465 abalienarunt,
1222 425 1404 465 quorum
1427 410 1848 452 malevolentissimis

151 480 539 522 obtrectationibus
566 496 644 522 nos
671 481 779 522 scito
807 481 857 522 de
883 483 1024 522 vetere
1053 482 1127 522 illa
1153 485 1301 523 nostra
1322 481 1606 535 diuturnaque
1635 481 1849 522 sententia

150 565 283 606 prope
328 551 413 592 iam
455 566 547 593 esse
591 551 811 606 depulsos,
853 566 939 593 non
984 565 1062 592 nos
1108 553 1279 606 quidem
1318 556 1367 594 ut
1402 555 1577 594 nostrae
1622 551 1848 606 dignitatis

114 622 286 663 ssimus
324 621 468 675 obliti,
513 622 585 663 sed
623 625 672 663 ut
715 622 949 663 habeamus
992 622 1204 663 rationem
1244 623 1473 677 aliquando
1515 622 1645 664 etiam
1685 622 1849 663 salutis.

149 695 322 748 poterat
354 696 583 746 utrumque
615 693 846 747 praeclare,
878 693 913 734 si
946 696 1059 734 esset
1091 693 1207 747 fides,
1241 694 1276 734 si
1309 693 1499 748 gravitas
1532 694 1576 734 in
1602 692 1849 734 hominibus

150 762 467 816 consularibus,
509 762 581 803 sed
620 765 742 804 tanta
780 766 846 804 est
887 763 931 803 111
968 763 1185 817 plerisque
1228 764 1398 818 levitas,
1439 768 1487 805 ut
1525 778 1597 806 eos
1634 778 1720 805 non
1759 766 1848 804 tam

151 833 397 875 constantia
435 834 479 874 in
517 847 561 874 re
599 833 772 887 publica
813 836 963 875 nostra
1000 833 1201 888 delectet,
1246 849 1374 888 quam
1413 835 1614 888 splendor
1653 834 1850 876 offendat.

151 904 265 958 quod
309 918 359 945 eo
403 903 581 945 liberius
626 904 678 944 ad
723 907 765 946 te
805 904 964 957 scribo,
1010 904 1111 958 quia
1147 919 1233 945 non
1272 905 1411 946 solum
1455 905 1723 960 temporibus
1771 904 1891 958 his,8

100 990 132 1015 10
152 989 260 1029 quae
292 989 369 1030 per
394 978 437 1016 te
464 989 559 1016 sum
590 975 785 1029 adeptus,
816 975 890 1016 sed
916 975 1001 1016 iam
1028 974 1131 1016 olim
1156 976 1351 1017 nascenti
1377 990 1509 1030 prope
1535 980 1708 1017 nostrae
1735 975 1850 1016 laudi

151 1045 441 1101 dignitatique
473 1045 631 1099 favisti,
663 1045 877 1100 simulque
912 1046 1025 1100 quod
1052 1046 1174 1087 video
1206 1060 1305 1100 non,
1337 1050 1385 1087 ut
1417 1047 1597 1088 antehac
1631 1047 1851 1101 putabam,

150 1116 337 1158 novitati
363 1131 455 1158 esse
482 1116 668 1158 invisum
695 1131 827 1171 meae,
857 1116 902 1157 111
927 1119 970 1158 10
998 1117 1123 1171 enim,
1148 1116 1321 1159 homine
1349 1118 1540 1159 omnium
1566 1117 1851 1169 nobilissimo,

152 1187 312 1229 similia
336 1187 581 1229 invidorum
607 1187 714 1229 vitia
739 1187 949 1242 perspexi,
982 1202 1109 1241 quem
1135 1190 1280 1229 tamen
1306 1188 1370 1229 illi
1397 1203 1488 1230 esse
1515 1189 1561 1229 in
1584 1187 1851 1243 principibus

151 1257 277 1299 facile
322 1260 423 1299 sunt
466 1258 600 1312 passi,
652 1258 820 1299 evolare
865 1258 996 1299 altius
1048 1261 1161 1300 certe
1212 1259 1454 1300 noluerunt.
1522 1259 1687 1314 gaudeo
1732 1262 1852 1299 tuam

101 1343 133 1368 15
153 1328 407 1370 dissimilem
440 1329 572 1371 fuisse
604 1329 840 1381 fortunam,
882 1329 1066 1370 multum
1099 1329 1212 1370 enim
1244 1329 1442 1384 interest,
1474 1333 1621 1371 utrum
1652 1329 1745 1371 laus
1777 1328 1853 1370 im-

151 1399 388 1453 minuatur,
421 1414 476 1441 an
507 1400 623 1441 salus
656 1400 899 1454 deseratur3
932 1414 999 1441 me
1030 1414 1148 1441 meae
1181 1403 1325 1441 tamen
1356 1415 1408 1441 ne
1440 1400 1569 1441 nimis
1601 1400 1853 1455 paeniteret,

154 1473 228 1511 tua
259 1470 421 1511 virtute
453 1471 694 1524 perfectum
727 1474 804 1524 est,
837 1471 996 1512 curasti
1029 1471 1154 1525 enim,
1187 1474 1236 1512 ut
1262 1471 1359 1526 plus
1387 1471 1578 1522 additum
1611 1471 1664 1512 ad
1696 1484 1856 1512 memo-

160 1541 267 1581 riam
299 1540 486 1582 nominis
518 1541 658 1583 nostri
692 1556 821 1596 quam
852 1542 1073 1595 demptum
1106 1542 1155 1583 de
1188 1541 1363 1583 fortuna
1394 1542 1621 1583 videretur.
1680 1544 1722 1583 te
1754 1556 1854 1583 vero
1877 1552 1896 1582 9

154 1625 332 1652 emoneo
365 1626 461 1653 cum
494 1611 713 1653 benefieiis
748 1612 851 1665 tuis,
890 1616 983 1653 tum
1021 1627 1165 1654 amore
1204 1612 1409 1654 incitatus
1452 1627 1567 1666 meo,
1605 1616 1653 1654 ut
1686 1627 1856 1654 omnem

104 1704 138 1727 ευ
157 1682 360 1738 gloriam,
399 1682 450 1723 ad
484 1696 612 1737 quam
645 1697 670 1724 a
700 1682 887 1736 pueritia
924 1682 1219 1724 inflammatus
1251 1682 1391 1737 fuisti,
1433 1683 1549 1724 omni
1588 1698 1690 1724 cura
1728 1686 1856 1737 atque

154 1752 367 1793 industria
399 1766 660 1807 consequare
686 1753 1116 1808 magnitudinemque
1150 1753 1282 1794 animi
1314 1753 1390 1804 tui,
1424 1768 1554 1808 quam
1581 1768 1661 1809 ego
1689 1768 1857 1808 semper

153 1837 246 1864 sum
281 1822 517 1864 admiratus
556 1837 809 1878 semperque
848 1824 1008 1877 amavi,
1044 1839 1097 1865 ne
1129 1838 1335 1879 umquam
1375 1824 1572 1867 inflectas
1605 1825 1856 1879 cuiusquam

152 1892 320 1935 iniuria.
388 1907 546 1949 magna
585 1897 650 1935 est
693 1894 918 1936 hominum
962 1894 1108 1950 opinio
1147 1895 1196 1936 de
1235 1898 1299 1945 te,
1345 1909 1503 1950 magna
1541 1895 1856 1937 commendatio

153 1963 448 2018 liberalitatis,
493 1979 650 2020 magna
687 1965 895 2007 memoria
939 1966 1187 2008 consulatus
1228 1965 1308 2006 tui:
1355 1966 1460 2008 11300
1497 1966 1694 2020 profecto
1740 1966 1856 2007 vides

102 2055 136 2081 25
155 2037 318 2090 quanto
351 2035 619 2089 expressiora
652 2039 897 2090 quantoque
930 2037 1182 2078 inlustriora
1213 2036 1361 2078 futura
1392 2037 1491 2091 sint,
1523 2052 1621 2079 cum
1653 2037 1858 2091 aliquam-

154 2109 247 2147 tum
279 2120 330 2146 ex
361 2105 583 2160 provincia
614 2109 742 2162 atque
775 2122 826 2148 ex
858 2107 1041 2162 imperio
1073 2107 1212 2149 laudis
1240 2108 1485 2161 accesserit,
1520 2122 1782 2162 quamquam
1814 2110 1856 2148 te

153 2177 218 2218 ita
249 2190 397 2232 gerere
429 2176 545 2230 volo,
584 2191 692 2232 quae
724 2191 801 2231 per
833 2178 1069 2220 exercitum
1102 2180 1230 2232 atque
1263 2177 1491 2234 imperium
1526 2177 1714 2233 gerenda
1744 2180 1857 2230 sunt,

154 2250 204 2290 ut
234 2247 341 2289 11300
374 2247 511 2289 11111110
545 2250 642 2289 31110
675 2248 900 2303 meditere,
938 2249 1021 2290 huc
1055 2251 1096 2289 te
1128 2263 1272 2303 pares,
1304 2249 1411 2290 haec
1443 2249 1626 2304 cogites,
1668 2248 1720 2289 ad
1752 2247 1855 2289 haec

154 2322 197 2360 te
230 2331 426 2360 exerceas
453 2318 698 2373 sentiasque
724 2343 782 2349 —-
807 2319 851 2360 id
883 2319 997 2374 quod
1029 2319 1131 2373 quia
1163 2334 1332 2374 semper
1357 2319 1554 2374 sperasti,
1585 2333 1671 2360 non
1705 2319 1856 2360 dubito

100 2408 135 2434 30
155 2389 258 2444 quin
302 2389 482 2443 adeptus
527 2389 754 2445 intellegas
793 2414 868 2444 --,
912 2393 954 2432 10
992 2389 1197 2432 facillime
1236 2404 1362 2445 posse
1401 2388 1595 2444 optinere
1640 2404 1856 2430 summum

273 2520 305 2551 2.
330 2517 531 2561 potuerant
556 2518 592 2552 R
617 2518 628 2561 ΙΙ
653 2522 685 2553 3.
713 2517 759 2552 de
786 2517 977 2552 deuertere
1003 2517 1085 2552 MR
1110 2518 1166 2562 (in
1191 2517 1240 2552 M
1261 2517 1306 2551 de
1329 2519 1334 2561 l
1357 2517 1403 2559 d.,
1439 2520 1471 2551 et
1498 2528 1554 2561 pr.
1582 2528 1600 2549 r
1625 2528 1649 2551 a
1675 2520 1695 2550 1
1718 2520 1856 2560 pzmcto

156 2566 306 2606 notata),
335 2562 525 2598 deuertere
554 2565 587 2599 G
605 2566 617 2609 ΙΙ
637 2564 843 2609 diurnaque
872 2566 943 2600 GR
973 2567 985 2608 ΙΙ
1016 2568 1047 2599 4.
1074 2565 1225 2599 nostrae
1251 2564 1310 2607 M,
1337 2574 1402 2598 nos
1426 2564 1496 2599 GR
1517 2569 1528 2606 ΙΙ
1548 2567 1579 2597 5.
1607 2562 1745 2606 oblitis,
1774 2576 1789 2595 s
1818 2565 1857 2597 in

154 2621 246 2652 rasa,
278 2610 339 2653 M,
376 2609 513 2644 oblitos
545 2611 581 2645 R
605 2614 617 2654 ΙΙ
644 2615 674 2646 7.
708 2611 982 2658 consularibus]
1021 2611 1090 2645 bus
1123 2612 1203 2657 syll.
1236 2622 1325 2646 corr.
1361 2612 1399 2645 in
1431 2611 1514 2653 Me,
1552 2609 1758 2645 consularis
1794 2612 1826 2645 G

156 2661 187 2692 9,
208 2656 298 2700 quia
316 2676 352 2681 ——
374 2661 426 2691 11.
447 2656 576 2691 favisti
601 2659 682 2692 hab.
702 2660 808 2693 schol.
830 2660 920 2694 1301).
940 2672 976 2703 p.
992 2662 1060 2693 288
1084 2658 1142 2693 Or.
1164 2660 1175 2702 ΙΙ
1195 2661 1226 2691 9.
1253 2657 1342 2701 quia
1366 2658 1486 2700 schol,
1512 2656 1576 2701 qui
1597 2658 1688 2700 MR,
1709 2668 1782 2700 quo
1799 2658 1831 2692 G

159 2709 210 2739 10.
239 2714 333 2748 quae
358 2704 465 2738 schol.
489 2705 522 2739 G
548 2704 656 2748 (2¹1¹),
682 2705 746 2749 qui
768 2706 820 2749 M,
848 2706 948 2750 quod
968 2707 1013 2740 R.
1043 2704 1133 2748 quia
1158 2716 1231 2738 non
1258 2704 1377 2739 solum
1403 2703 1632 2749 temporibus
1658 2703 1716 2747 iis,
1743 2715 1856 2747 quum

155 2762 220 2796 per
250 2752 286 2785 te
318 2750 477 2785 salutem
509 2762 590 2784 sum
621 2752 778 2796 adeptus
810 2753 965 2797 Madvig]
991 2753 1104 2796 (mlv.
1130 2752 1226 2787 crit?
1255 2752 1287 2785 Π
1302 2763 1340 2796 1).
1363 2752 1445 2795 233)
1463 2754 1475 2795 Η
1497 2755 1550 2786 11,
1576 2750 1706 2785 fauisti
1737 2751 1857 2794 schol„

155 2797 352 2843 praefuisti
369 2799 425 2840 M,
443 2798 505 2832 sed
524 2797 554 2831 ti
574 2799 685 2832 solum
701 2811 723 2833 a
737 2811 780 2834 m.
798 2804 830 2841 1,
849 2798 1014 2844 praefuis
1028 2801 1069 2833 in
1087 2811 1158 2834 ras.
1174 2810 1198 2832 a
1210 2810 1254 2833 m.
1268 2810 1360 2833 saec.
1377 2798 1413 2832 X
1424 2799 1457 2832 V
1468 2797 1613 2841 (uirtuti
1634 2799 1766 2841 leuet-at
1780 2798 1855 2841 ΡΙ),

156 2857 222 2879 υηι.
241 2845 311 2880 GR
329 2847 341 2888 ΙΙ
361 2844 544 2888 simulque
561 2845 643 2888 GR,
672 2844 782 2880 simul
802 2846 856 2889 M,
882 2847 943 2881 sed
962 2858 1062 2881 eraso
1083 2856 1154 2889 que
1172 2847 1184 2889 ΙΙ
1205 2849 1260 2880 13.
1281 2844 1376 2879 111113
1391 2845 1444 2888 M,
1471 2844 1585 2879 inicia
1602 2847 1645 2888 G,
1672 2844 1783 2879 initia
1796 2845 1832 2880 R

159 2895 213 2926 14.
239 2892 385 2936 gaudeo
411 2893 517 2925 tuam
544 2892 603 2935 M,
629 2892 775 2936 gaudeo
805 2894 854 2935 G,
880 2904 955 2937 gau
978 2895 982 2937 Ι
1004 2894 1108 2926 1113111
1134 2893 1170 2928 R
1189 2894 1200 2935 ΙΙ
1222 2896 1275 2927 16.
1301 2903 1360 2926 1110
1387 2892 1448 2935 M,
1482 2904 1526 2926 110
1555 2892 1606 2934 R,
1633 2903 1698 2926 om.
1728 2892 1762 2927 G
1779 2894 1791 2933 ΙΙ
1811 2902 1856 2926 ne

157 2951 222 2974 om.
249 2939 285 2974 R
303 2941 315 2983 ΙΙ
333 2938 519 2984 peniteret
543 2939 595 2982 R,
630 2938 857 2983 praeniteret
885 2940 967 2974 GM
995 2941 1050 2983 (in
1076 2939 1124 2973 M
1140 2944 1266 2984 postea
1290 2951 1308 2974 r
1332 2941 1451 2983 erasa)
1470 2942 1482 2982 ΙΙ
1505 2944 1557 2974 18.
1584 2949 1696 2982 quam
1722 2939 1788 2973 Mc
1813 2950 1856 2973 ea:

158 2996 266 3030 quem
286 2988 298 3029 ΙΙ
331 2989 384 3021 19.
412 2997 565 3020 emoneo
597 2987 720 3020 multis
744 2990 954 3030 suspectum.
984 2987 1029 3029 cf.
1058 2986 1367 3022 Krebs-Schmalz
1395 2986 1621 3020 ‘Antibarh’
1650 2986 1683 3019 1⁶
1704 2998 1741 3029 p.
1763 2989 1831 3019 458

157 3032 348 3067 beneficiis
372 3034 415 3076 G,
441 3032 695 3067 beneficentiis
718 3034 797 3067 MR
816 3037 827 3071 ΙΙ
847 3037 901 3067 23.
924 3032 1179 3078 expraessiora
1199 3034 1291 3076 MG,
1319 3043 1536 3077 expressura
1556 3033 1591 3067 R
1610 3034 1621 3076 ΙΙ
1641 3036 1695 3067 25.
1712 3036 1766 3067 26.
1789 3031 1854 3066 ali-

158 3080 368 3126 quamtum]
395 3079 560 3124 aliquam
586 3081 666 3114 tum
687 3080 746 3123 M,
783 3079 1017 3124 aliquantum
1040 3080 1119 3115 GR.
1147 3082 1191 3124 cf.
1219 3081 1267 3115 acl
1292 3081 1352 3123 IV,
1376 3084 1406 3123 7,
1428 3082 1554 3124 61126.
1580 3079 1770 3124 prouintia
1791 3080 1838 3113 M

158 3129 214 3161 27.
235 3137 306 3170 que
328 3127 375 3161 M
391 3128 403 3169 ΙΙ
423 3130 478 3162 28.
505 3126 683 3161 meditere
714 3128 767 3170 M,
794 3126 975 3161 meditare
1004 3128 1047 3171 G,
1074 3138 1132 3161 me
1159 3127 1280 3162 dicere
1302 3127 1336 3162 R
1356 3128 1366 3170 ΙΙ
1387 3131 1441 3161 29.
1469 3125 1683 3171 sentiasque
1707 3138 1751 3163 esc
1776 3137 1855 3161 sen-

159 3173 370 3218 tentiasque
396 3174 441 3208 M
447 3173 467 3218 ¹,
495 3173 772 3218 sententiasque
798 3174 844 3218 R,
871 3173 1087 3219 senciasque
1117 3174 1150 3209 G
