2242 3496
402 743 421 770 [Ο

451 204 506 244 46
1054 200 1101 234 M.
1129 199 1269 233 TVLLI
1295 198 1544 235 CICERONIS

451 325 545 351 meo
576 310 684 350 nihil
717 308 858 350 audivi
890 321 967 347 nee
1000 320 1257 360 quemquam
1289 306 1380 348 fore
1413 308 1613 350 arbitror.
1669 309 1772 362 quin
1804 309 1856 350 ad
1889 309 2000 350 diem
2027 309 2142 351 dece-

451 381 566 434 dam,
602 380 721 420 nulla
753 392 879 419 causa
911 379 994 429 est,
1031 375 1287 429 praesertim
1326 377 1496 418 sublato
1535 381 1654 419 metu
1686 378 1901 422 Parthico.
1957 394 2143 422 commo-

452 454 643 491 raturum
689 464 754 489 me
798 461 1011 500 nusquam
1066 461 1166 487 sane
1213 446 1421 501 arbitror3
1470 447 1671 489 Rhodum
1717 447 1970 491 Ciceronum
2014 465 2142 493 causa

448 534 678 574 puerorum
705 531 975 559 accessurum
1001 519 1119 570 puto,
1151 531 1287 571 neque
1319 517 1363 558 id
1395 520 1539 559 tamen
1571 521 1745 560 eertum.
1790 520 1841 561 ad
1866 521 2016 562 urbem
2042 522 2140 563 volo

451 605 577 643 quam
609 589 795 643 primum
827 586 989 641 venire3
1031 588 1104 629 sed
1135 590 1281 628 tamen
1312 587 1396 629 iter
1428 603 1571 630 meum
1602 589 1663 629 rei
1695 590 1891 643 publicae
1923 594 1966 632 et
1998 606 2140 633 rerum

449 661 707 700 urbanarum
745 657 856 698 ratio
895 658 1165 713 gubernabit.
1223 673 1442 700 successor
1479 662 1578 700 tuus
1616 674 1704 701 non
1734 663 1880 714 potest
1910 662 1973 702 ita
2005 665 2141 703 matu-

448 745 559 783 rare,
596 729 684 770 ullo
718 728 843 769 modo
877 731 925 769 ut
956 731 1005 769 tu
1037 743 1103 770 me
1135 728 1180 769 in
1212 728 1318 769 Asia
1349 729 1489 783 possis
1523 730 1759 771 convenire.
1816 731 1866 771 de
1898 731 2139 773 rationibus

447 799 689 853 referendis,
714 813 802 840 non
822 802 914 840 erat
933 799 1253 841 incommodum
1279 802 1322 841 te
1347 800 1510 841 nullam
1534 800 1702 855 referre,
1730 815 1860 855 quam
1884 801 1966 842 tibi
1987 801 2139 843 scribis

447 886 471 911 a
495 870 652 911 Bibulo
685 870 775 911 fieri
809 873 1088 925 potestatem3
1121 870 1193 911 sed
1225 870 1268 911 id
1300 870 1371 911 vix
1403 870 1509 912 mihi
1535 870 1691 912 videris
1717 886 1794 925 per
1818 871 1958 927 legem
1983 871 2139 913 Iuliam

447 941 586 981 facere
618 955 763 994 posse,
803 955 931 995 quam
963 940 1144 982 Bibulus
1179 943 1296 982 certa
1329 941 1513 995 quadam
1546 942 1711 984 ratione
1742 957 1830 984 non
1861 944 2020 997 servat,
2057 942 2140 984 tibi

446 1025 704 1066 magnopere
750 1012 1002 1053 servandam
1047 1026 1210 1053 censeo.
1273 1006 1397 1065 quod
1428 1012 1598 1068 scribis,
1642 1013 1835 1067 Apamea
1877 1013 2139 1067 praesidium

445 1082 594 1123 deduci
625 1096 712 1125 non
744 1082 998 1136 oportuisse,
1029 1082 1227 1123 videbam
1258 1082 1363 1123 item
1397 1086 1561 1125 ceteros
1595 1084 1840 1126 existimare
1873 1083 2138 1138 molesteque

443 1153 633 1194 ferebam
672 1154 721 1194 de
755 1168 804 1194 ea
837 1169 880 1194 re
914 1154 1053 1194 minus
1093 1153 1339 1194 commodos
1382 1168 1599 1196 sermones
1641 1155 1951 1196 malevolorum
1987 1153 2138 1196 fuisse:

446 1223 593 1264 Parthi
620 1223 874 1264 transierint
904 1239 1048 1278 necne,
1078 1226 1249 1278 praeter
1280 1226 1322 1264 te
1353 1224 1476 1266 video
1503 1225 1698 1267 dubitare
1724 1225 1958 1279 neminem3
1990 1224 2138 1279 itaque

444 1294 588 1335 omnia
618 1294 844 1348 praesidia,
877 1309 985 1348 quae
1017 1308 1176 1350 magna
1208 1297 1251 1335 et
1281 1294 1406 1336 firma
1437 1310 1699 1350 paraveram,
1735 1297 1976 1337 commotus
2006 1294 2142 1336 homi-

437 1380 539 1405 num
571 1379 658 1406 non
690 1365 819 1406 dubio
854 1379 1050 1406 sermone
1077 1364 1231 1406 dimisi.
1283 1365 1473 1406 rationes
1500 1366 1585 1407 mei
1619 1366 1861 1420 quaestoris
1887 1380 1965 1407 nec
1990 1381 2139 1408 verum

436 1436 519 1476 fuit
551 1451 617 1476 me
651 1436 732 1476 tibi
764 1436 938 1477 mittere
970 1450 1048 1478 neo
1080 1439 1226 1477 tamen
1266 1439 1388 1478 erant
1427 1436 1665 1491 confectae3
1704 1451 1774 1478 eas
1813 1451 1892 1478 nos
1923 1435 2140 1491 Apameae

437 1507 647 1560 deponere
682 1506 991 1562 cogitabamus.
1050 1507 1099 1548 de
1131 1507 1291 1561 praeda
1323 1522 1418 1548 mea
1450 1510 1621 1561 praeter
1656 1509 1906 1561 quaestores
1938 1507 2140 1562 urbanos,

437 1578 479 1618 id
513 1580 578 1619 est
610 1578 819 1632 populum
851 1577 1116 1632 Romanum,
1150 1578 1415 1619 terruncium
1446 1593 1524 1620 nec
1556 1577 1706 1633 attigit
1736 1592 1815 1619 nec
1846 1579 2041 1619 tacturus
2074 1580 2140 1619 est

439 1648 679 1703 quisquam.
736 1648 973 1690 Laodiceae
1007 1663 1077 1693 me
1104 1649 1283 1703 praedes
1311 1652 1588 1703 accepturum
1623 1649 1811 1690 arbitror
1843 1649 1982 1690 omnis
2014 1663 2139 1703 pecu-

438 1719 534 1761 niae
567 1720 776 1773 publicae,
808 1722 858 1760 ut
891 1722 933 1760 et
966 1719 1073 1760 mih-i
1105 1722 1148 1760 et
1179 1720 1340 1774 populo
1374 1722 1548 1761 cautum
1581 1720 1639 1760 sit
1671 1719 1762 1761 sine
1795 1722 1994 1761 vecturae
2026 1719 2140 1774 peri-

437 1791 545 1831 culo.
603 1791 715 1844 quod
749 1790 902 1831 scribis
936 1790 987 1830 ad
1020 1805 1087 1831 me
1120 1791 1169 1831 de
1208 1790 1475 1842 †d1·acehum
1513 1780 1720 1845 CCCIOOo,
1757 1790 1866 1831 nihil
1904 1793 1987 1845 est,
2026 1790 2139 1844 quod

434 1861 479 1901 in
517 1861 602 1902 isto
649 1875 801 1916 genere
844 1861 1043 1915 cuiquam
1087 1860 1251 1915 possim
1290 1861 1578 1916 commodare,
1623 1861 1761 1902 omnis
1801 1861 1915 1902 enim
1958 1860 2140 1915 pecunia

435 1931 498 1972 ita
536 1934 766 1986 tractatur,
804 1935 852 1972 ut
889 1932 1050 1986 praeda
1086 1947 1110 1972 a
1148 1931 1397 1986 praefectis,
1443 1946 1550 1986 quae
1589 1934 1734 1972 autem
1772 1931 1878 1972 mibi
1914 1931 2140 1972 adtributa

436 2005 512 2056 est,
540 2018 564 2043 a
591 2005 816 2056 quaestore
839 2005 1021 2044 curetur.
1068 2003 1180 2057 quod
1202 2002 1384 2056 quaeriS,
1411 2003 1511 2057 quid
1535 2002 1778 2043 existimem
1804 2001 1854 2043 de
1880 2001 2136 2057 legionibus,

435 2088 541 2127 quae
575 2074 768 2115 decretae
802 2076 903 2114 sunt
934 2073 978 2114 in
1013 2072 1195 2127 Syriam,
1228 2076 1354 2114 antea
1386 2073 1651 2128 dubitabam,
1682 2075 1941 2114 venturaene
1974 2075 2137 2114 essent:

435 2159 547 2186 nunc
580 2144 687 2185 mihi
719 2159 805 2185 non
838 2147 904 2185 est
937 2143 1127 2198 dubium,
1161 2144 1275 2199 quin,
1309 2143 1345 2185 si
1378 2146 1505 2185 antea
1531 2143 1725 2185 auditum
1757 2143 1840 2185 erit
1873 2143 2011 2184 otium
2043 2158 2136 2185 esse

554 2299 582 2330 1.
610 2306 676 2329 nec
705 2295 788 2339 GR,
813 2306 859 2329 ne
885 2295 939 2330 M.
966 2306 1085 2340 neque
1112 2296 1180 2330 azia·
1198 2297 1209 2340 Η
1236 2299 1267 2330 2.
1294 2295 1464 2340 particho
1491 2295 1573 2331 MR
1598 2297 1610 2340 Η
1635 2298 1665 2330 3.
1694 2294 1900 2329 ciceronem
1924 2294 1961 2330 R
1979 2296 1991 2339 Η
2011 2298 2042 2329 4.
2068 2305 2134 2338 pu—

435 2354 577 2376 erorum
603 2354 683 2377 eum
709 2343 934 2387 Nipperdetlo
960 2344 1029 2388 (01).
1051 2355 1091 2388 p.
1113 2345 1195 2387 465)
1222 2347 1255 2377 et
1280 2343 1413 2377 Bootio
1439 2344 1557 2387 (‘obs.’
1581 2354 1620 2387 p.
1643 2344 1676 2386 7)
1702 2354 1776 2376 ‘non
1800 2343 1998 2377 deleverim.
2023 2353 2135 2386 ‘neque

433 2391 527 2424 enim
559 2391 719 2434 ineptum
757 2391 973 2424 attributum
1011 2395 1060 2425 est
1095 2391 1136 2425 i‘n
1168 2391 1325 2434 epistula
1362 2391 1412 2424 ad
1443 2391 1618 2424 hominem
1655 2390 1815 2424 alienum
1851 2390 1988 2434 scripta
2023 2400 2137 2433 ‘neque

433 2448 547 2471 causa
583 2448 655 2472 froc.
692 2438 825 2481 positio
864 2438 1033 2482 efflemplis
1070 2438 1242 2471 destituta
1281 2438 1341 2481 (cf.
1365 2437 1401 2472 C.
1424 2437 1469 2471 F.
1492 2436 1707 2471 11'.]m·‹·ller
1741 2437 1790 2471 ad
1825 2435 1896 2471 Cic.
1923 2436 2025 2470 Lael.
2053 2436 2136 2482 57)Η

435 2488 464 2518 G.
492 2483 716 2528 gubernabit
741 2495 785 2518 ese
809 2483 884 2517 -uit
910 2485 957 2518 M
962 2489 975 2505 ¹
994 2486 1005 2529 Η
1026 2487 1056 2519 7.
1083 2484 1159 2517 ullo
1185 2483 1295 2517 modo
1322 2485 1376 2526 M,
1403 2483 1504 2517 nullo
1531 2482 1640 2517 modo
1669 2484 1713 2526 G,
1739 2494 1805 2518 om.
1834 2483 1869 2517 R
1888 2484 1900 2527 Η
1920 2486 1950 2518 8.
1977 2482 2135 2516 inferen-

434 2530 490 2564 dis
517 2531 552 2565 R
585 2533 596 2575 Η
626 2531 863 2564 incomodum
890 2532 937 2564 M
961 2533 972 2575 Η
1001 2530 1160 2576 nullam]
1188 2530 1310 2564 nullas
1338 2542 1370 2573 ς,
1397 2532 1481 2565 bene
1511 2532 1522 2574 Η
1555 2534 1585 2564 9.
1612 2529 1651 2563 id
1677 2541 1742 2564 om.
1772 2530 1843 2565 GR
1874 2531 1886 2574 Η
1918 2533 1972 2564 11.
1999 2540 2135 2574 magno

433 2588 541 2621 opere
569 2589 588 2614 ς
615 2580 625 2622 Η
652 2577 801 2622 apamia
829 2579 862 2612 G
893 2580 903 2622 Η
938 2582 990 2612 12.
1019 2577 1251 2622 opportuisse
1278 2578 1326 2611 M
1347 2579 1357 2621 Η
1383 2577 1473 2611 item
1501 2578 1559 2618 M,
1586 2576 1686 2610 idem
1714 2577 1785 2612 GR
1811 2578 1822 2621 Η
1849 2580 1903 2611 14.
1929 2575 2055 2621 patthi
2079 2577 2134 2621 M,

432 2625 572 2668 pariter
603 2624 642 2658 hi
675 2625 742 2667 (hii
770 2626 817 2669 G)
845 2626 916 2659 GR
948 2627 958 2669 Η
992 2628 1044 2660 17.
1072 2626 1214 2670 tamen]
1248 2626 1326 2658 tum
1353 2635 1374 2661 ς
1407 2627 1417 2669 Η
1451 2628 1504 2660 19.
1537 2623 1765 2658 terruncium
1790 2625 1825 2657 ,Ω
1855 2624 1915 2668 (ef.
1936 2624 2136 2658 Mommsen

434 2672 556 2706 Herm.
577 2671 677 2704 XXII
699 2684 736 2716 2).
758 2675 837 2715 486,
864 2672 1041 2707 Bz't'clzeler
1065 2684 1154 2707 mus.
1182 2672 1296 2706 Rhew.
1318 2671 1431 2705 XLVI
1452 2683 1491 2716 p.
1510 2673 1611 2716 236),
1645 2670 1855 2705 teruncium
1880 2680 1901 2707 ς
1931 2671 1943 2715 Η
1973 2673 2029 2704 20.
2055 2670 2133 2704 lao-

434 2718 552 2752 diciae
570 2720 613 2761 G,
640 2718 710 2752 hac
731 2718 790 2752 die
806 2719 841 2753 R
861 2720 872 2763 Η
892 2722 946 2753 21.
968 2720 1010 2752 ut
1030 2720 1082 2764 et]
1104 2721 1147 2753 ut
1163 2719 1206 2754 G.
1234 2719 1276 2753 de
1301 2720 1383 2763 ipsa
1408 2730 1446 2753 re
1471 2719 1557 2753 olim
1581 2729 1655 2753 non
1674 2719 1856 2753 intellecta
1875 2717 1921 2760 cf.
1935 2717 2135 2752 Mommsen

436 2767 478 2799 ’φῖ
500 2766 668 2800 &enters
697 2766 747 2798 HI
768 2778 807 2810 p.
831 2769 932 2809 1139,
955 2770 971 2799 1
993 2768 1004 2810 Η
1024 2770 1078 2801 22.
1107 2766 1307 2800 dracchum
1334 2766 1426 2809 MG,
1454 2765 1644 2807 drachum,
1671 2764 1695 2798 d
1713 2777 1758 2800 m.
1781 2767 1800 2798 1
1820 2775 1864 2799 ecc
1882 2765 1909 2805 t,
1935 2763 1981 2798 R.
2018 2765 2132 2799 incer-

434 2816 507 2846 tum
534 2824 605 2857 qua
629 2814 783 2857 ye‘netim'
807 2814 926 2855 forma
948 2814 1069 2848 Cicero
1089 2814 1122 2848 72.
1144 2815 1164 2847 l.
1192 2824 1280 2847 usus
1304 2814 1372 2847 sit:
1398 2812 1616 2846 drachmum
1642 2812 1692 2846 W
1689 2812 1864 2856 esenherq,
1889 2810 2133 2844 drachumum

433 2860 485 2892 vel
506 2859 790 2893 drachumarum
811 2859 988 2893 thzchezer
1008 2862 1110 2903 (mus.
1131 2861 1245 2895 Rhen.
1261 2859 1310 2893 XI
1325 2871 1363 2904 p.
1377 2861 1458 2904 515)
1486 2860 1707 2894 adsentiente
1726 2857 1922 2892 Ritschelio
1949 2857 2084 2902 (opusc.
2099 2858 2132 2892 ΙΙ

432 2917 466 2948 2).
487 2909 579 2949 433).
620 2908 664 2949 cf.
691 2907 794 2941 Neue
821 2906 1020 2940 ‘Formenl¹
1048 2908 1082 2941 cl.
1110 2908 1172 2942 lat.
1194 2907 1290 2951 Spr.’
1320 2907 1352 2939 Ι2
1373 2919 1410 2951 p.
1433 2910 1478 2940 20
1503 2908 1514 2950 Η
1540 2917 1691 2939 coenoso
1717 2906 1796 2949 (sic)
1823 2904 1883 2945 M,
1917 2916 2059 2937 cecum
2086 2905 2130 2948 G,

435 2964 561 2986 ‹wcmu
588 2953 624 2987 R
652 2955 663 2997 Η
692 2957 747 2987 24.
776 2964 797 2986 a
822 2964 900 2997 sup.
931 2964 976 2987 rs,
1003 2955 1087 2988 add.
1114 2955 1181 2988 Me
1206 2957 1217 2998 Η
1241 2953 1378 2998 praede
1406 2954 1478 2988 GR
1503 2953 1570 2997 (Gl
1595 2963 1639 2986 eae
1662 2951 1853 2996 praedem)
1877 2953 1888 2995 Η
1913 2951 2128 2997 praefectis]

435 3010 559 3032 rursus
583 3001 715 3043 incipit
740 3000 780 3042 S,
814 3001 858 3042 cf.
886 3001 934 3034 ad
955 3011 993 3043 p.
1015 3004 1071 3042 28,
1094 3004 1135 3034 1⁴2
1156 3003 1167 3045 Η
1188 3003 1312 3035 autem
1339 3000 1432 3034 adtr.
1466 3002 1523 3033 est
1554 2997 1645 3032 mihi
1673 2998 1706 3032 G
1737 2999 1748 3042 Η
1780 3001 1835 3032 25.
1863 2999 2013 3032 curatur
2038 2998 2075 3041 S,
2099 3001 2132 3033 si

434 3046 615 3080 collatoris
640 3047 781 3081 silentio
812 3047 912 3089 fides.
940 3047 982 3080 de
1009 3048 1091 3090 ipsa
1116 3059 1153 3082 re
1178 3049 1223 3090 cf.
1245 3048 1445 3082 Mommsen
1470 3048 1490 3080 l.
1518 3047 1553 3080 d.
1573 3045 1624 3078 11³
1643 3056 1681 3089 p.
1704 3048 1770 3078 551
1798 3046 1809 3089 Η
1834 3044 1924 3088 quid
1955 3056 2000 3079 ex
2031 3045 2131 3089 quod

434 3092 483 3123 M
486 3096 500 3112 0
525 3094 578 3125 rel
598 3093 645 3125 M
648 3098 661 3113 ¹·
680 3095 690 3136 Η
710 3096 765 3127 25,
787 3097 842 3127 26.
870 3092 1152 3137 legionibusque
1180 3095 1376 3128 deci-esunt
1400 3094 1439 3126 in
1465 3104 1492 3127 s.
1515 3092 1559 3134 G,
1585 3091 1795 3136 legionibus
1821 3101 1893 3135 que
1918 3093 2018 3125 crete
2044 3093 2131 3126 sunt

435 3139 475 3169 ut
502 3150 527 3172 s.
556 3139 591 3172 R
611 3141 621 3182 Η
642 3143 694 3173 27.
722 3140 813 3173 mihi
839 3150 912 3173 non
938 3151 1004 3174 om.
1031 3140 1058 3174 S
1074 3143 1086 3184 Η
1105 3140 1175 3174 erit
1201 3141 1317 3175 otium
1344 3152 1424 3175 cum
1454 3140 1573 3183 spatio
1600 3142 1690 3172 8-9
1711 3140 1779 3174 litt.
1805 3149 1870 3173 om.
1892 3139 1926 3172 R
1945 3140 1957 3183 Η
1976 3140 2074 3174 esset
2092 3139 2129 3174 R

2161 957 2193 982 10

2162 1309 2195 1336 15

2159 1665 2193 1690 20

2156 2017 2191 2042 25
