2242 3496
380 138 460 179 190
972 129 1020 162 M.
1048 126 1187 161 TVLLI
1215 123 1466 159 CICERONIS

374 246 488 286 fecto
534 245 608 284 aut
652 239 916 293 transigetur
961 234 1120 288 aliquid
1168 236 1243 274 aut
1286 233 1474 288 turpiter
1523 232 1834 288 intercedetur3
1882 247 1984 274 nam
2026 233 2071 274 in

376 313 633 368 disputando
686 308 838 351 coiecit
888 306 1008 347 illam
1059 318 1207 345 vocem
1253 301 1328 344 Cn.
1369 302 1622 358 Pompeius,
1673 318 1821 345 omnes
1873 306 2072 359 oportere

377 384 544 426 senatui
582 381 695 423 dicto
735 377 954 419 audientes
993 390 1096 417 esse.
1159 388 1240 429 ego
1281 377 1425 415 tamen
1465 374 1526 415 sic
1563 373 1673 415 nihil
1713 378 1932 430 exspecto,
1971 389 2072 429 quo-

375 455 501 496 modo
552 451 757 502 Paulum,
807 462 890 489 cos.
942 446 1241 501 designatum,
1296 444 1485 499 primum
1536 445 1795 486 sententiam
1847 445 2071 487 dicentem.

328 538 347 567 5
375 525 543 579 saepius
583 530 624 562 te
666 520 872 561 admoneo
919 518 969 558 de
1015 516 1263 571 syngrapha
1302 514 1492 556 Sittiana
1523 539 1581 544 —
1613 515 1737 570 cupio
1780 516 1894 557 enim
1932 519 1974 557 te
2012 516 2072 557 in·
2108 529 2125 555 5

375 595 574 648 tellegere
608 605 700 632 eam
732 604 822 630 rem
855 589 907 629 ad
940 602 1006 629 me
1040 587 1162 628 valde
1193 587 1409 641 pertinere
1435 610 1504 640 —-,
1536 586 1642 627 item
1674 587 1723 627 de
1755 587 1991 641 pantheris,
2022 589 2072 628 ut

375 665 600 707 Ciburatas
633 674 826 702 accersas
866 673 1094 712 curesque,
1134 660 1183 699 ut
1214 657 1273 698 mi
1306 657 1536 713 vehantur3
1573 660 1795 712 praeterea
1825 657 2072 699 nuntiatum

372 734 496 775 nobis
540 735 582 773 et
624 746 702 785 pro
748 733 865 772 certo
910 730 998 770 iam
1041 729 1228 770 habetur
1272 742 1418 783 regem
1456 727 1796 770 Alexandrinum
1835 731 2072 785 mortuum3

373 805 473 859 quid
506 802 611 844 mihi
638 802 830 855 suadeas,
863 800 1077 855 quomodo
1106 813 1286 855 regnum
1317 800 1424 840 illud
1456 814 1501 841 se
1532 798 1703 854 habeat,
1736 799 1832 853 quis
1858 803 2071 855 procuret,

372 875 600 929 diligenter
633 873 739 914 mihi
770 872 1025 927 perscribas.
1086 870 1137 912 K.
1172 869 1286 912 Sext.
2091 885 2126 911 10

1118 1001 1169 1043 V.
1216 1001 1321 1057 (85.)

897 1095 1148 1138 CAELIVS
1186 1094 1468 1138 CICERONI
1503 1095 1544 1138 S.

328 1209 343 1237 1
489 1193 582 1243 Qua
613 1195 662 1234 tu
694 1207 796 1234 cura
829 1192 905 1247 sis,
944 1192 1057 1247 quod
1090 1192 1143 1233 ad
1174 1206 1324 1246 pacem
1362 1191 1607 1246 provinciae
1640 1194 1739 1232 tuae
1771 1192 2072 1233 finitimarum-

367 1281 447 1321 que
473 1265 698 1320 regionum
724 1263 893 1317 attinet,
924 1263 1088 1304 nescio:
1123 1277 1203 1318 ego
1232 1262 1405 1317 quidem
1431 1262 1705 1304 vehementer
1732 1263 1864 1304 animi
1890 1263 2072 1318 pendeo3

365 1338 523 1392 †nam,
562 1335 598 1377 si
635 1335 717 1376 hoc
751 1349 869 1375 more
909 1334 1123 1375 moderari
1162 1348 1405 1388 possemus,
1443 1336 1492 1374 ut
1530 1348 1607 1388 pro
1650 1333 1811 1375 viribus
1851 1333 2073 1388 copiarum
2093 1353 2127 1378 15

365 1411 537 1449 tuarum
588 1406 689 1448 belli
741 1420 910 1460 quoque
965 1405 1171 1446 existeret
1222 1404 1477 1460 magnitudo
1530 1408 1593 1459 et,
1645 1407 1855 1460 quantum
1908 1405 2072 1460 gloriae

365 1478 670 1533 triumphoque
699 1491 805 1532 opus
833 1479 957 1530 esset,
990 1477 1334 1530 adsequeremur,
1366 1475 1655 1530 periculosam
1682 1478 1725 1517 et
1752 1490 1927 1531 gravem
1952 1475 2073 1518 illam

366 1549 688 1592 dimicationem
721 1548 1001 1602 evitaremus,
1033 1547 1141 1588 nihil
1176 1551 1266 1588 tam
1300 1550 1413 1589 esset
1448 1548 1701 1602 optandum:
1739 1561 1869 1601 nunc,
1902 1547 1939 1588 si
1971 1547 2073 1588 Par-

366 1622 467 1663 thus
507 1623 654 1662 movet
692 1619 873 1673 aliquid,
914 1619 1002 1660 scio
1041 1633 1127 1660 non
1166 1618 1425 1660 mediocrem
1463 1618 1555 1659 fore
1595 1618 1933 1672 contentionem3
1971 1623 2073 1659 tuus

364 1707 493 1748 porro
527 1690 739 1732 exercitus
779 1688 850 1731 vix
888 1704 1022 1730 unum
1063 1690 1220 1730 saltum
1260 1690 1373 1730 tueri
1405 1692 1562 1744 potest.
1624 1689 1735 1731 hanc
1767 1692 1913 1731 autem
1943 1703 2070 1731 nemo
2091 1709 2124 1734 20

366 1763 486 1805 ducit
523 1762 755 1814 rationem,
797 1761 869 1802 sed
912 1761 1057 1802 omnia
1098 1761 1396 1802 desiderantur
1434 1761 1487 1802 ab
1527 1776 1576 1803 eo
1609 1786 1667 1790 —
1698 1764 1923 1815 tamquam
1963 1760 2073 1802 nihil

367 1835 625 1889 denegatum
671 1832 727 1872 sit
772 1832 830 1885 ei,
882 1847 965 1887 quo
1010 1832 1152 1873 minus
1199 1847 1329 1886 quam
1373 1833 1674 1886 paratissimus
1720 1835 1835 1874 esset
1871 1856 1951 1887 ——-,
2000 1831 2073 1886 qui

320 1918 339 1947 2
366 1904 540 1960 publico
577 1904 753 1958 negotio
795 1903 1069 1957 praepositus
1109 1906 1187 1945 est.
1250 1902 1415 1944 accedit
1453 1903 1715 1958 hucsquod
1759 1903 2074 1945 successionem

367 1977 558 2017 futuram
595 1977 773 2029 propter
806 1974 1044 2015 Galliarum
1085 1975 1422 2016 controversiam
1460 1989 1548 2016 non
1587 1974 1720 2016 video.
1784 1974 1962 2015 tametsi
1992 1973 2074 2015 hac

368 2048 417 2089 de
449 2061 494 2088 re
526 2048 632 2100 puto
665 2048 707 2086 te
741 2045 1039 2100 constitutum,
1073 2046 1174 2100 quid
1206 2045 1399 2086 facturus
1433 2060 1560 2096 esses,
1593 2046 1764 2100 habere,
1795 2048 1954 2100 tamen,
1986 2060 2070 2100 quo
2092 2063 2126 2090 25

367 2118 578 2160 maturius
618 2117 922 2171 constitueres,
964 2131 1060 2157 cum
1100 2116 1213 2158 hunc
1252 2119 1453 2158 eventum
1484 2116 1784 2171 providebam,
1822 2115 1963 2158 visum
1995 2118 2073 2170 est,

369 2193 417 2230 ut
449 2192 491 2230 te
523 2189 708 2230 facerem
736 2187 982 2243 certiorem3
1013 2188 1130 2229 nosti
1164 2187 1276 2229 enim
1309 2187 1414 2230 haec
1446 2187 1678 2229 tralaticia:
1712 2188 1762 2229 de
1791 2186 1945 2229 Galliis
1977 2201 2074 2228 con-

489 2322 518 2352 1.
546 2316 816 2362 transigeretur
842 2318 875 2351 52
895 2318 906 2362 Η
927 2315 1062 2360 aliquit
1088 2317 1136 2350 M
1150 2318 1161 2361 Η
1181 2315 1472 2351 intercederetur
1493 2319 1526 2351 Ω
1545 2318 1556 2361 Η
1576 2320 1607 2351 2.
1634 2315 1806 2361 pompeio
1826 2317 1861 2350 ,Ω
1879 2317 1890 2360 Η
1910 2318 1942 2350 4.
1963 2314 2073 2349 Paul-

370 2378 447 2411 lum
474 2388 506 2422 ς,
533 2378 625 2412 bene.
667 2378 711 2420 cf.
739 2378 880 2411 Jordan
908 2377 1031 2411 Herm.
1058 2376 1126 2409 XV
1146 2388 1185 2420 p.
1208 2380 1274 2410 537
1307 2378 1318 2421 Η
1349 2387 1422 2411 cos.
1449 2377 1504 2420 M,
1532 2387 1593 2410 eos
1621 2376 1664 2420 G,
1692 2365 1731 2409 63
1759 2378 1818 2420 (==
1839 2376 1981 2420 omnes)
2008 2375 2045 2410 R
2064 2375 2074 2418 1]

371 2430 401 2460 6.
428 2424 648 2469 pamtheriis
675 2425 729 2468 M,
756 2423 921 2468 panteris
948 2424 984 2458 R
1004 2425 1014 2468 Η
1037 2427 1065 2457 7.
1095 2423 1291 2467 Cibyratas
1319 2435 1339 2460 ς
1359 2425 1370 2468 ΙΙ
1391 2434 1556 2458 arcessas
1584 2435 1604 2460 ς
1624 2425 1635 2468 Η
1655 2422 1747 2457 mihi
1774 2435 1794 2461 ς
1814 2424 1825 2468 Η
1844 2424 2003 2457 ueantur
2029 2422 2072 2457 G.

370 2474 550 2507 venentur
578 2472 775 2514 Graeciam,
800 2473 847 2515 cf.
875 2473 923 2506 ad
949 2472 1025 2505 Att.
1052 2471 1113 2515 VI,
1142 2475 1172 2515 1,
1200 2475 1242 2505 21
1276 2473 1287 2515 Η
1320 2475 1350 2505 S.
1377 2471 1485 2505 nobis
1511 2470 1623 2518 <est>
1651 2471 1862 2516 IVesenbery
1887 2471 1899 2515 Η
1925 2469 2074 2504 alexan-

372 2520 476 2553 drum
505 2520 576 2554 GR
596 2521 607 2564 Η
627 2524 657 2553 9.
686 2518 791 2564 quid]
819 2518 969 2562 quidem
990 2518 1173 2562 ΩΗ1111110
1197 2519 1229 2553 G
1249 2520 1260 2563 Η
1282 2522 1334 2552 10.
1361 2518 1396 2552 k.
1426 2520 1515 2553 sext.
1544 2519 1598 2562 M,
1625 2518 1699 2553 kal.
1728 2519 1818 2563 sept.
1846 2518 1895 2562 R,
1922 2529 1987 2552 om.
2012 2516 2046 2551 G
2063 2517 2075 2560 Η

372 2571 424 2601 13.
452 2569 493 2601 tu
521 2567 574 2611 M,
602 2578 667 2602 om.
697 2566 768 2601 GR
794 2568 804 2611 Η
832 2570 885 2601 14.
913 2565 1106 2610 regionum
1134 2578 1176 2600 ex
1201 2565 1425 2611 religionum
1451 2566 1500 2600 M
1503 2571 1516 2587 1'
1540 2568 1551 2610 Η
1578 2565 1711 2599 animis
1742 2565 1812 2600 GR
1839 2567 1849 2609 Η
1876 2568 1929 2599 15.
1957 2563 2074 2610 more]

371 2615 480 2649 niodo
507 2625 584 2648 rem
611 2615 647 2658 (i.
676 2626 702 2648 e.
729 2616 790 2649 iffo
815 2616 868 2659 ὦ)
893 2614 1041 2659 Benyel,
1068 2618 1158 2648 recte
1178 2618 1280 2658 puto.
1315 2625 1415 2648 more
1435 2614 1569 2660 (rem)
1589 2614 1725 2648 Becher
1750 2614 1804 2658 (p.
1827 2614 1896 2657 19)⁷
1923 2611 2033 2646 modo
2054 2622 2076 2648 ς

373 2667 404 2696 et
430 2663 651 2706 lVesenbery.
680 2666 771 2697 tenet
795 2672 894 2696 more
916 2661 1107 2695 Lehmann
1134 2663 1187 2705 (p.
1210 2663 1268 2706 37)
1288 2662 1299 2705 Η
1318 2662 1360 2695 ut
1383 2662 1426 2705 G,
1454 2662 1491 2695 et
1510 2661 1591 2695 MR
1611 2662 1622 2705 Η
1643 2664 1697 2696 16.
1726 2661 1908 2704 quantum
1932 2657 2075 2704 gloriae

372 2709 649 2754 triumphoque]
677 2721 710 2752 q.
738 2709 879 2754 gloriae
906 2708 1093 2752 triumpho
1114 2709 1295 2754 Pluglgycrs
1315 2711 1350 2752 (2
1367 2710 1503 2753 p.117)
1530 2712 1562 2743 et
1581 2708 1677 2743 Boot
1702 2708 1803 2752 Cobs.
1825 2707 1918 2742 crit)
1943 2718 1982 2751 p.
2004 2707 2075 2750 17).

373 2758 495 2791 malim
521 2758 703 2800 quantum
728 2757 851 2791 loreae
877 2756 1139 2800 triumphoque
1166 2758 1225 2801 (cf.
1248 2767 1334 2791 (vnn.
1357 2757 1448 2800 phil.
1471 2759 1561 2790 1891
1584 2767 1622 2799 p.
1647 2757 1715 2800 77).
1747 2765 1815 2800 quo
1841 2755 1942 2789 ducit
1967 2754 2075 2788 etiam

376 2805 488 2846 {fissus
522 2804 702 2838 Giccvmvz's
739 2816 946 2849 responsum
985 2804 1048 2848 (H,
1078 2809 1138 2847 Γ),
1166 2805 1220 2848 2):
1262 2803 1398 2837 ‘velles
1438 2803 1554 2846 0111111,
1592 2802 1664 2846 ais,
1703 2803 1851 2836 tantum
1890 2799 2000 2834 modo
2034 2801 2076 2834 ut

375 2850 549 2884 haberem
585 2851 743 2896 negotii,
785 2852 884 2896 quod
922 2851 1020 2885 esset
1059 2851 1107 2884 ad
1144 2850 1350 2885 laureolam
1389 2851 1516 2885 satis'.
1574 2850 1780 2894 triumphus
1818 2853 1851 2883 et
1888 2849 2015 2883 laurea
2053 2860 2075 2882 a

377 2898 540 2932 Cicerone
572 2910 706 2942 quoque
737 2901 957 2944 copulantur
982 2898 1059 2942 XV,
1081 2902 1112 2941 6,
1136 2902 1174 2933 1:
1217 2899 1347 2941 ‘quem
1380 2909 1448 2943 ego
1481 2909 1627 2931 currum
1659 2898 1725 2930 aut
1763 2907 1875 2939 quain
1906 2894 2075 2929 lauream

375 2955 457 2977 cum
483 2946 548 2978 tua
573 2945 789 2980 laudatione
817 2946 1063 2980 conferrem&>⁷
1093 2949 1103 2991 Η
1134 2949 1187 2981 17.
1214 2945 1535 2990 periculosamque
1562 2945 1630 2978 abesse?
1649 2947 1660 2987 Η
1681 2947 1734 2977 18.
1762 2944 1841 2976 tam
1866 2943 1921 2986 M,
1947 2944 2077 2977 tamen

378 2991 447 3025 GR
473 2994 484 3035 Η
510 2996 562 3025 19.
591 2993 878 3028 contemtionem
904 2994 952 3027 M
976 2995 987 3038 Η
1016 2998 1069 3028 20.
1098 3004 1207 3037 porro
1233 2994 1332 3037 MR,
1368 3004 1454 3027 uero
1483 2992 1516 3027 G
1548 2992 1560 3036 Η
1590 2994 1645 3026 23.
1674 2989 1833 3024 accessit
1861 2990 1894 3025 G
1918 2992 1929 3035 Η
1955 2994 2010 3025 25.
2038 2991 2075 3024 te

376 3050 440 3085 01η.
470 3039 501 3089 G
521 3040 532 3082 Η
552 3043 606 3073 26.
633 3040 735 3074 uisus
762 3042 819 3076 est
844 3039 897 3076 M.
943 3042 985 3075 de
1012 3042 1274 3076 constructione
1299 3053 1330 3076 v.
1352 3041 1459 3086 Bury
1478 3050 1517 3085 2).
1540 3041 1584 3072 30
1604 3039 1615 3084 Η
1635 3041 1689 3073 27.
1716 3037 1954 3072 translaticia
1975 3037 2046 3074 GR
2063 3037 2076 3087 Η
2094 3050 2101 3056 ·

377 3085 525 3131 Galliis]
552 3086 662 3130 gallis
691 3089 724 3121 Ω,
2074 3086 2075 3089 ’
