2242 3542
852 218 1135 253 PRAEFATIO.
1746 214 1846 248 XVII

148 332 218 385 49,
237 331 276 372 9.
326 329 541 383 scriptura
573 326 804 369 admodum
831 327 1020 382 vulgaris
1047 330 1113 367 est
1140 324 1197 382 (v.
1223 324 1411 379 effigiem
1437 339 1502 378 ap.
1530 322 1847 365 Chatelainium

151 402 238 442 tab.
265 399 353 456 36),
386 400 631 453 indoctique
664 397 830 439 librarii
858 397 996 437 multa
1022 410 1246 451 perperam
1272 395 1538 449 scripserunt
1564 408 1670 448 quae
1697 396 1849 447 postea

149 472 293 527 plures
338 485 489 512 manus
535 470 797 525 posteriores
835 466 937 523 (ΡΖ)
981 470 1275 520 correxerunt,
1319 465 1363 506 in
1403 465 1558 519 quibus
1599 463 1914 519 agnosciturP²

150 542 281 583 etiam
315 541 499 595 Colucii,
544 541 615 595 qui
655 539 698 580 M
731 539 824 594 ipso
863 552 965 579 usus
1004 541 1070 578 est
1109 536 1164 592 (v.
1198 535 1358 591 supra).
1421 539 1611 577 ceterum
1654 534 1848 587 singulas

153 627 302 654 manus
336 612 613 654 correctrices
652 625 738 651 non
777 608 973 662 distinxi,
1017 608 1100 649 nisi
1139 608 1212 648 ubi
1251 608 1398 648 eodem
1437 607 1531 648 loco
1571 605 1848 660 apparebant.

151 683 380 737 descripsit
412 683 602 724 codicem
632 680 816 723 Bandini
843 679 868 719 l.
897 693 931 721 c.
963 694 1001 732 p.
1028 680 1126 731 464,
1159 678 1320 719 contuli
1347 692 1428 733 ego
1456 693 1491 719 a.
1521 677 1633 718 1875
1666 679 1709 717 et
1739 675 1850 717 1884

151 754 213 795 ita
256 757 305 795 ut
351 754 533 795 maxime
578 752 843 793 attenderem
887 750 939 790 ad
983 749 1197 790 rationem
1240 749 1353 790 inter
1392 745 1472 803 111¹,
1508 748 1588 800 ΜΟ,
1620 747 1695 788 Mr
1733 749 1776 788 et
1816 746 1856 787 P

150 825 502 867 intercedentem.
515 822 546 879 ¹)

270 898 440 949 praeter
479 894 521 935 M
562 897 707 935 autem
741 892 959 946 prioribus
997 890 1120 931 libris
1160 894 1257 931 octo
1297 905 1394 931 cum
1433 889 1617 930 maxime
1656 888 1744 929 sint
1782 887 1853 929 ad-

153 966 330 1008 hibendi
364 965 621 1007 Harleianus
656 964 769 1004 2773
803 966 846 1004 et
878 961 1099 1002 Parisinus
1136 961 1276 1002 1781?
1310 961 1476 1001 codices
1510 985 1560 988 —-
1595 959 1853 1013 perexiguus

153 1037 267 1078 enim
292 1036 497 1077 foliorum
526 1034 824 1090 singularium,
850 1031 1128 1073 Taurinensis
1149 1031 1182 1072 F
1187 1030 1384 1072 reieriani
1407 1030 1763 1085 Hamburgensis,
1789 1032 1856 1070 est

154 1122 257 1148 usus
287 1131 353 1161 —,
386 1105 645 1161 singillatim
677 1105 727 1146 de
760 1104 846 1145 illis
880 1106 945 1144 est
977 1100 1340 1157 ‹lisputanclum.²)

271 1182 338 1219 est
376 1178 512 1233 igitur
549 1175 675 1218 hodie
715 1176 760 1216 in
799 1189 944 1216 museo
983 1173 1236 1214 Britannico
1275 1173 1394 1214 codex
1432 1172 1690 1213 Harleianus
1722 1171 1855 1212 2773:

158 1249 210 1303 G,
243 1250 421 1290 membr.
449 1263 480 1289 s.
507 1247 612 1302 ΧΠ,
644 1246 716 1287 alt.
744 1249 851 1288 cent.
880 1246 952 1298 28,
986 1245 1058 1285 lat.
1088 1244 1157 1293 19,
1185 1245 1231 1297 ἶ),
1264 1243 1376 1284 binis
1410 1242 1622 1284 columnis
1656 1241 1906 1296 scriptus.G

154 1319 303 1361 insunt
316 1318 389 1361 fol.
406 1321 446 1360 lr
465 1317 633 1360 lexicon
648 1318 1007 1372 latino-graecum
1023 1313 1161 1356 Servii
1176 1314 1464 1370 grammatici,
1482 1313 1555 1355 fol.
1569 1313 1596 1354 5
1607 1318 1620 1334 r
1634 1312 1856 1354 Diomedis

155 1404 225 1431 ars
258 1390 544 1445 grammatica
576 1388 648 1443 (cf.
675 1387 727 1429 H.
754 1387 851 1428 Keil
886 1386 934 1427 G.
960 1385 1007 1427 L.
1040 1386 1060 1426 Ι
1093 1401 1132 1439 p.
1158 1384 1388 1440 XXXIII),
1427 1383 1499 1426 fol.
1527 1373 1604 1425 32¹
1636 1382 1857 1425 Ciceronis

278 1519 312 1561 1)
339 1516 489 1551 deducti
517 1517 603 1550 sunt
628 1526 671 1550 ex
697 1515 725 1549 P
753 1515 902 1559 eiusque
931 1513 1158 1559 apographis
1182 1524 1248 1558 per
1274 1513 1444 1557 quintum
1464 1511 1649 1546 decimum
1669 1511 1858 1545 saeculum

156 1575 240 1599 cum
266 1564 411 1598 codices
437 1563 629 1608 permulti,
657 1562 753 1597 alius
780 1562 854 1596 alio
881 1561 1052 1606 nequior,
1078 1563 1159 1595 tum
1183 1561 1364 1606 florilegio,
1388 1561 1495 1595 varia
1521 1569 1615 1603 quae
1648 1558 1859 1593 scholarum

157 1611 240 1645 usui
266 1611 456 1646 servirent.
502 1622 594 1655 quas
622 1610 748 1645 sordes
774 1609 1024 1654 per-censendo
1051 1620 1134 1642 cum
1166 1618 1300 1652 operae
1331 1606 1493 1651 pretium
1524 1617 1597 1640 11011
1630 1607 1710 1649 fiat,
1748 1616 1860 1639 unam

159 1658 270 1693 verbo
303 1658 488 1703 attingam
522 1657 779 1702 anthologiam
811 1667 892 1691 eam
925 1666 1037 1708 quam
1068 1655 1150 1689 LIX
1181 1653 1362 1698 epistulas
1395 1665 1439 1688 ex
1464 1653 1487 1688 l.
1509 1653 1641 1687 I-—VII
1667 1654 1860 1697 excerptas

157 1704 467 1787 1ξῇ1135θῖἐὲ
476 1716 552 1797 §.³³³3
562 1704 671 1796 ιρὲἱῗ),
683 1701 1477 1795 ΒἃξὲῖαὲᾟέἓἝῖἷῗωῗῖἶῗςῗῖἷῗέῗέῗέιίξξῗ
1479 1712 1630 1782 ῗὲἑεέἔ
1633 1712 1705 1781 ’111
1722 1699 1860 1792 3533>

118 1839 120 1842 ¹
157 1810 230 1833 non
255 1798 376 1833 redire
402 1799 451 1833 ad
476 1799 619 1833 fontem
638 1798 847 1832 Mediceum
875 1797 939 1831 sed
961 1796 1008 1830 ad
1029 1796 1195 1831 codicem
1216 1796 1379 1840 aliquem
1399 1795 1471 1830 GR
1489 1794 1669 1829 librorum
1690 1794 1861 1837 similem,

155 1846 195 1880 id
221 1847 320 1881 stare
345 1857 421 1881 non
445 1847 580 1891 potest.
626 1846 724 1890 quod
751 1845 850 1879 enim
868 1844 1074 1889 principale
1094 1843 1195 1878 illius
1216 1845 1478 1888 argumentum
1498 1844 1556 1877 est
1576 1863 1616 1867 -
1640 1842 1798 1876 alterum
1819 1852 1862 1875 ex

155 1893 338 1938 excerptis
363 1893 474 1928 modo
500 1893 607 1927 libris
639 1892 825 1937 prioribus
856 1891 1016 1936 petitum
1049 1891 1130 1926 leve
1163 1893 1236 1934 est,
1275 1902 1359 1925 cum
1392 1889 1548 1925 diversis
1580 1889 1701 1924 modis
1733 1889 1864 1923 fierent

157 1940 471 1976 chrestomathiae
497 1940 586 1975 illae
613 1940 687 1974 alio
708 1939 813 1974 aliud
833 1940 1026 1984 spectante
1047 1938 1127 1972 ludi
1146 1938 1328 1983 magistro
1348 1959 1392 1963 —
1414 1949 1469 1982 ep.
1491 1937 1517 1981 Ι,
1539 1944 1570 1980 9,
1592 1940 1612 1970 3
1633 1936 1712 1971 illic
1732 1936 1863 1970 eodem

156 1987 238 2023 loco
264 1988 436 2033 abrumpi
462 1988 527 2022 ubi
552 1988 591 2021 in
617 1987 688 2022 GR
712 1987 842 2021 littera
867 1985 1023 2031 capitali
1050 1997 1168 2020 novae
1201 1985 1385 2030 epistulae
1417 1984 1567 2019 initium
1598 1985 1769 2018 notatum
1802 1983 1861 2026 sit,

156 2035 196 2069 id
222 2035 372 2079 quidem
400 2034 473 2069 MP
499 2034 689 2069 codicibus
718 2033 895 2078 inspectis
915 2033 1069 2069 corruit:
1096 2033 1294 2076 utrobique
1315 2032 1414 2067 enim
1434 2032 1564 2066 eadem
1585 2031 1729 2065 ratione
1751 2033 1863 2075 atque

158 2082 196 2116 in
228 2082 300 2117 GR,
329 2082 493 2127 epistula
530 2093 628 2117 nona
667 2081 860 2116 scinditur.
917 2080 1000 2125 ipsa
1038 2080 1277 2125 anthologiae
1316 2079 1417 2114 illius
1455 2079 1570 2113 verba
1607 2078 1745 2112 nullius
1784 2089 1864 2113 esse

158 2129 395 2164 auctoritatis
421 2131 550 2175 utpote
576 2129 683 2164 foede
709 2128 938 2173 interpolata
964 2139 1048 2162 cum
1073 2128 1153 2172 ipse
1180 2127 1365 2162 Streicher
1389 2128 1490 2161 recte
1517 2125 1701 2169 docuerit,
1737 2136 1863 2160 secure

158 2188 354 2222 possumus
379 2176 486 2211 illam
505 2177 653 2211 mittere
673 2177 720 2222 (v,
742 2176 856 2210 etiam
878 2174 1075 2210 Schmalzii
1097 2175 1137 2208 in
1157 2174 1331 2208 Bursiani
1350 2174 1413 2209 rel.
1437 2185 1520 2209 ann.
1543 2176 1634 2207 1884
1654 2173 1686 2207 Il
1706 2186 1739 2218 p.
1757 2176 1800 2206 36
1810 2184 1863 2216 sq.

159 2224 203 2259 de
241 2223 307 2259 illo
345 2224 584 2269 eiusdemque
622 2224 766 2258 farinae
805 2223 890 2257 aliis
929 2222 1154 2266 quibusdam
1192 2221 1383 2256 codicibus
1422 2221 1654 2266 disputatio).
1691 2242 1731 2245 —
1766 2219 1864 2253 addo

158 2273 310 2317 propter
322 2271 546 2316 Tyrrellium
561 2283 603 2306 ex
618 2272 646 2305 P
661 2271 861 2305 deductum
875 2281 953 2304 esse
969 2269 1082 2303 etiam
1097 2271 1251 2305 codicem
1266 2270 1514 2304 Harleia‘num
1528 2272 1612 2302 259]
1635 2279 1729 2302 saec.
1745 2267 1811 2301 XV
1824 2289 1861 2292 w

161 2319 199 2353 in
220 2318 403 2364 catalogis
424 2319 462 2353 in
483 2332 508 2354 s.
531 2318 580 2353 XI
600 2329 793 2363 perperam
812 2317 1027 2362 provehitur
1042 2337 1085 2342 —
1101 2328 1217 2360 eoque
1237 2316 1276 2350 iu
1295 2318 1485 2361 posterum
1505 2326 1585 2350 esse
1605 2314 1862 2349 omittendum.

278 2368 313 2411 2)
339 2367 384 2401 (16
411 2368 515 2402 tertio
538 2367 693 2411 quodam
714 2367 853 2410 prioris
874 2366 996 2410 partis
1016 2365 1134 2399 codice
1161 2363 1250 2398 olim
1269 2365 1418 2408 poterat
1437 2362 1634 2408 disputari,
1660 2362 1770 2396 hodie
1792 2372 1865 2395 11011

159 2415 300 2459 potest:
341 2413 487 2448 deletus
514 2413 651 2459 quippe
676 2413 745 2447 hoc
774 2412 921 2446 saeculo
955 2413 1027 2455 est,
1066 2411 1178 2455 idque
1213 2422 1288 2445 non
1319 2422 1341 2444 a
1371 2410 1532 2444 barbaro
1565 2409 1713 2444 homine
1747 2409 1811 2443 sed
1844 2420 1865 2443 a

160 2460 366 2506 philologo,
392 2461 448 2495 Fr.
471 2460 624 2495 Kritzio.
669 2471 744 2504 qua
770 2460 814 2494 de
840 2470 879 2494 re
905 2459 997 2493 haec
1023 2459 1223 2492 traduntur
1249 2469 1271 2492 a
1297 2459 1354 2492 W.
1377 2457 1550 2492 Schumio
1578 2457 1751 2501 (‘beschr.
1776 2456 1864 2490 Ver-

162 2507 343 2542 zeichniss
368 2507 402 2542 d.
424 2507 779 2553 Amplonianischen
798 2505 1128 2550 HdS.-Sammlung
1149 2517 1177 2540 z.
1198 2505 1338 2539 Erfurt'
1368 2504 1485 2539 Berol.
1510 2508 1599 2539 1887
1626 2516 1661 2548 p.
1682 2503 1759 2547 LI):
1790 2503 1866 2537 ‘bei

162 2553 419 2589 Uebernahme
462 2555 527 2589 der
571 2554 786 2589 Bibliothek
819 2575 862 2578 —
896 2553 1022 2598 agitur
1059 2552 1310 2597 Amploniana
1353 2551 1524 2586 collectio
1557 2571 1600 2575 ——
1634 2550 1725 2584 fand
1762 2549 1865 2584 Kritz

162 2603 206 2633 45
228 2600 379 2635 Codices
407 2603 467 2645 (14
493 2602 531 2635 in
557 2602 613 2645 2⁰,
640 2605 684 2635 14
711 2601 749 2635 in
775 2601 830 2642 4⁰,
862 2604 902 2634 16
929 2600 967 2634 111
993 2600 1051 2644 8⁰,
1080 2605 1096 2634 1
1125 2600 1163 2634 in
1192 2604 1232 2634 12
1246 2600 1273 2643 ⁰)
1301 2599 1421 2633 seiner
1440 2597 1619 2643 Meinung
1642 2597 1738 2632 nach
1759 2598 1867 2632 unter

164 2647 233 2681 den
262 2647 470 2681 Einfli'issen
496 2649 560 2683 des
587 2648 723 2683 letzten
748 2647 1177 2692 Aufbewahrungsortes
1204 2647 1242 2680 in
1269 2647 1334 2681 der
1359 2645 1663 2690 Himmelspforte
1690 2656 1729 2679 so
1751 2645 1865 2679 durch

163 2694 292 2729 Moder
316 2694 392 2729 und
418 2694 588 2729 Faulniss
620 2695 844 2740 beschadigt
868 2706 950 2738 vor,
992 2694 1077 2728 dass
1113 2705 1152 2728 er
1184 2693 1296 2728 deren
1327 2692 1578 2738 vollstandige
1614 2692 1868 2736 Vei-nichtuug

163 2741 232 2775 mit
257 2743 384 2787 gutcm
410 2741 598 2776 Gewissen
623 2742 854 2787 beautragen
891 2741 966 2775 und
993 2741 1194 2775 ausffihren
1226 2741 1382 2784 konnte3
1420 2740 1490 2774 mit
1511 2740 1733 2774 <Ausnahmc
1766 2739 1867 2774 eines

163 2789 329 2832 Bandes,
357 2789 421 2823 der
447 2789 506 2823 die
534 2791 655 2823 ersten
681 2793 702 2822 8
722 2788 867 2823 Biieher
899 2789 964 2822 der
996 2788 1187 2832 Epistol-ae
1220 2788 1268 2822 ad
1299 2787 1504 2822 familiares
1538 2787 1602 2821 des
1630 2785 1755 2821 Cicero
1788 2787 1866 2821 cnt-

163 2835 273 2881 hielt,
310 2835 428 2871 sollen
455 2847 493 2870 es
519 2847 588 2869 nur
613 2835 747 2870 Werke
780 2834 1067 2870 scholastischer
1091 2834 1330 2880 Philosophie
1362 2835 1439 2869 und
1465 2833 1666 2879 Theologie
1698 2844 1867 2879 gewesen

165 2883 253 2927 sein,
281 2883 340 2917 die
362 2883 487 2929 jenem
514 2882 707 2918 Schicksal
733 2881 1014 2925 anheimfielen‚
1042 2882 1116 2915 und
1143 2881 1261 2917 selbst
1281 2881 1387 2927 jener
1412 2881 1740 2917 Classiker-Codex
1766 2881 1867 2915 kann

164 2930 237 2965 den
267 2941 341 2965 von
374 2930 443 2965 mir
476 2929 725 2974 angestellten
751 2928 1075 2974 Vergleichungen
1107 2929 1203 2964 nach
1234 2929 1339 2964 nicht
1371 2942 1414 2963 zu
1447 2929 1517 2963 (len
1549 2940 1622 2963 von
1647 2928 1868 2973 Amplonius

164 2977 425 3023 urspriinglich
451 2977 703 3023 geschenkten
729 2975 975 3021 Exemplaren
1000 2976 1133 3021 gehort
1157 2977 1294 3012 haben'
1334 2999 1348 3001 --
1373 3006 1380 3020 ,
1407 2977 1513 3011 deest
1542 2975 1686 3010 scilicet
1718 2975 1756 3009 111
1783 2975 1866 3009 Am-

164 3024 283 3070 plonii
302 3025 475 3070 catalogo
496 3024 728 3069 autographo
750 3023 833 3058 circ.
857 3035 887 3058 a.
912 3027 1000 3057 1412
1022 3023 1189 3058 confecto
1206 3025 1279 3069 (ap.
1296 3023 1510 3058 Schumium
1525 3036 1558 3068 p.
1576 3025 1642 3057 785
1655 3025 1734 3067 sq.).
1775 3021 1867 3056 alibi

164 3071 303 3107 codicis
329 3071 430 3106 illius
456 3084 544 3106 num
570 3071 706 3106 notitia
734 3070 812 3104 ulla
839 3071 940 3105 extet
964 3071 1107 3107 nescio:
1134 3072 1220 3106 acta
1246 3071 1380 3106 saltem
1400 3070 1502 3104 illius
1522 3069 1774 3104 bibliothecae
1795 3081 1867 3103 non

165 3119 248 3200 plius
275 3131 386 3200 qpam
412 3119 450 3154 in
475 3118 571 3153 libro
598 3130 664 3154 suo
697 3117 903 3153 rettulisset
935 3118 980 3152 de
1012 3129 1054 3152 eo
1087 3118 1225 3153 habere
1257 3118 1336 3163 ipse
1371 3118 1503 3152 schum
1537 3129 1602 3162 per
1633 3117 1778 3151 litteras
1810 3128 1868 3150 mc

167 3177 186 3200 e
215 3177 297 3200 ocul
319 3195 326 3202 .

238 3231 300 3258 Cic.
321 3240 366 3264 ep.
386 3232 431 3257 ed.
452 3232 733 3258 Mcndelssohn.
1562 3223 1585 3258 b
