<?xml version="1.0" encoding="UTF-8"?>
<!DOCTYPE html PUBLIC "-//W3C//DTD XHTML 1.0 Transitional//EN"
    "http://www.w3.org/TR/xhtml1/DTD/xhtml1-transitional.dtd">
<html xmlns="http://www.w3.org/1999/xhtml" xml:lang="en" lang="en">
 <head>
  <title>
</title>
<meta http-equiv="Content-Type" content="text/html;charset=utf-8" />
  <meta name='ocr-system' content='tesseract 3.04.00' />
  <meta name='ocr-capabilities' content='ocr_page ocr_carea ocr_par ocr_line ocrx_word'/>
</head>
<body>
  <div class='ocr_page' id='page_1' title='image "./epistularumlibri00ciceuoft_0430.png"; bbox 0 0 2242 3496; ppageno 0'>
   <div class='ocr_carea' id='block_1_1' title="bbox 342 149 1431 204">
    <p class='ocr_par' dir='ltr' id='par_1_1' title="bbox 342 149 1431 204">
     <span class='ocr_line' id='line_1_1' title="bbox 342 149 1431 204; baseline -0.02 0"><span class='ocrx_word' id='word_1_1' title='bbox 342 163 428 204; x_wconf 83' lang='grc'>390</span> <span class='ocrx_word' id='word_1_2' title='bbox 940 155 987 189; x_wconf 91' lang='lat' dir='ltr'>M.</span> <span class='ocrx_word' id='word_1_3' title='bbox 1014 152 1154 187; x_wconf 87' lang='lat' dir='ltr'>TVLLI</span> <span class='ocrx_word' id='word_1_4' title='bbox 1181 149 1431 185; x_wconf 84' lang='lat' dir='ltr'>CICERONIS</span> 
     </span>
    </p>
   </div>
   <div class='ocr_carea' id='block_1_2' title="bbox 299 257 2109 2304">
    <p class='ocr_par' dir='ltr' id='par_1_2' title="bbox 299 257 2109 2304">
     <span class='ocr_line' id='line_1_2' title="bbox 343 257 2038 319; baseline -0.008 -6"><span class='ocrx_word' id='word_1_5' title='bbox 343 270 462 313; x_wconf 83' lang='lat' dir='ltr'>euius</span> <span class='ocrx_word' id='word_1_6' title='bbox 483 267 694 311; x_wconf 86' lang='lat' dir='ltr'>commodi</span> <span class='ocrx_word' id='word_1_7' title='bbox 715 262 942 319; x_wconf 87' lang='lat' dir='ltr'>aliquando</span> <span class='ocrx_word' id='word_1_8' title='bbox 968 258 1248 314; x_wconf 83' lang='lat' dir='ltr'>recuperandi</span> <span class='ocrx_word' id='word_1_9' title='bbox 1276 273 1396 313; x_wconf 88' lang='lat' dir='ltr'>spem</span> <span class='ocrx_word' id='word_1_10' title='bbox 1422 257 1597 299; x_wconf 87' lang='lat' dir='ltr'>fortuna</span> <span class='ocrx_word' id='word_1_11' title='bbox 1624 258 1872 314; x_wconf 85' lang='lat' dir='ltr'>reservavit,</span> <span class='ocrx_word' id='word_1_12' title='bbox 1896 257 2038 300; x_wconf 90' lang='lat' dir='ltr'>minus</span> 
     </span>
     <span class='ocr_line' id='line_1_3' title="bbox 342 329 2040 388; baseline -0.008 -5"><span class='ocrx_word' id='word_1_13' title='bbox 342 343 408 382; x_wconf 86' lang='lat' dir='ltr'>est</span> <span class='ocrx_word' id='word_1_14' title='bbox 447 342 636 382; x_wconf 86' lang='lat' dir='ltr'>erratum</span> <span class='ocrx_word' id='word_1_15' title='bbox 668 352 694 379; x_wconf 88' lang='lat' dir='ltr'>a</span> <span class='ocrx_word' id='word_1_16' title='bbox 724 335 866 388; x_wconf 82' lang='lat' dir='ltr'>nobis3</span> <span class='ocrx_word' id='word_1_17' title='bbox 911 332 947 373; x_wconf 88' lang='lat' dir='ltr'>si</span> <span class='ocrx_word' id='word_1_18' title='bbox 984 331 1090 372; x_wconf 80' lang='lat' dir='ltr'>haee</span> <span class='ocrx_word' id='word_1_19' title='bbox 1129 329 1243 371; x_wconf 89' lang='lat' dir='ltr'>mala</span> <span class='ocrx_word' id='word_1_20' title='bbox 1282 330 1368 370; x_wconf 82' lang='lat' dir='ltr'>fixa</span> <span class='ocrx_word' id='word_1_21' title='bbox 1407 331 1526 383; x_wconf 85' lang='lat' dir='ltr'>sunt,</span> <span class='ocrx_word' id='word_1_22' title='bbox 1571 342 1651 383; x_wconf 90' lang='lat' dir='ltr'>ego</span> <span class='ocrx_word' id='word_1_23' title='bbox 1688 343 1790 370; x_wconf 87' lang='lat' dir='ltr'>vero</span> <span class='ocrx_word' id='word_1_24' title='bbox 1829 333 1871 370; x_wconf 87' lang='lat' dir='ltr'>te</span> <span class='ocrx_word' id='word_1_25' title='bbox 1911 343 2040 383; x_wconf 88' lang='lat' dir='ltr'>quam</span> 
     </span>
     <span class='ocr_line' id='line_1_4' title="bbox 343 399 2041 466; baseline -0.006 -14"><span class='ocrx_word' id='word_1_26' title='bbox 343 411 542 466; x_wconf 86' lang='lat' dir='ltr'>primum,</span> <span class='ocrx_word' id='word_1_27' title='bbox 575 421 667 450; x_wconf 85' lang='lat' dir='ltr'>mea</span> <span class='ocrx_word' id='word_1_28' title='bbox 699 407 799 459; x_wconf 87' lang='lat' dir='ltr'>vita,</span> <span class='ocrx_word' id='word_1_29' title='bbox 832 402 957 457; x_wconf 84' lang='lat' dir='ltr'>cupio</span> <span class='ocrx_word' id='word_1_30' title='bbox 990 401 1133 443; x_wconf 86' lang='lat' dir='ltr'>videre</span> <span class='ocrx_word' id='word_1_31' title='bbox 1166 403 1210 442; x_wconf 90' lang='lat' dir='ltr'>et</span> <span class='ocrx_word' id='word_1_32' title='bbox 1241 400 1286 441; x_wconf 90' lang='lat' dir='ltr'>in</span> <span class='ocrx_word' id='word_1_33' title='bbox 1315 402 1391 441; x_wconf 90' lang='lat' dir='ltr'>tuo</span> <span class='ocrx_word' id='word_1_34' title='bbox 1419 399 1630 454; x_wconf 83' lang='lat' dir='ltr'>conplexu</span> <span class='ocrx_word' id='word_1_35' title='bbox 1657 399 1804 463; x_wconf 89' lang='lat' dir='ltr'>emori,</span> <span class='ocrx_word' id='word_1_36' title='bbox 1837 400 2041 454; x_wconf 88' lang='lat' dir='ltr'>quoniam</span> 
     </span>
     <span class='ocr_line' id='line_1_5' title="bbox 342 469 2042 536; baseline -0.006 -13"><span class='ocrx_word' id='word_1_37' title='bbox 342 495 479 536; x_wconf 89' lang='lat' dir='ltr'>neque</span> <span class='ocrx_word' id='word_1_38' title='bbox 512 480 591 532; x_wconf 88' lang='lat' dir='ltr'>dii,</span> <span class='ocrx_word' id='word_1_39' title='bbox 625 491 731 531; x_wconf 85' lang='lat' dir='ltr'>quos</span> <span class='ocrx_word' id='word_1_40' title='bbox 764 478 812 516; x_wconf 91' lang='lat' dir='ltr'>tu</span> <span class='ocrx_word' id='word_1_41' title='bbox 845 472 1085 515; x_wconf 70' lang='lat' dir='ltr'>castissime</span> <span class='ocrx_word' id='word_1_42' title='bbox 1118 470 1310 525; x_wconf 88' lang='lat' dir='ltr'>coluisti,</span> <span class='ocrx_word' id='word_1_43' title='bbox 1341 484 1479 524; x_wconf 84' lang='lat' dir='ltr'>neque</span> <span class='ocrx_word' id='word_1_44' title='bbox 1510 469 1728 526; x_wconf 87' lang='lat' dir='ltr'>homines,</span> <span class='ocrx_word' id='word_1_45' title='bbox 1766 470 1922 525; x_wconf 87' lang='lat' dir='ltr'>quibus</span> <span class='ocrx_word' id='word_1_46' title='bbox 1961 484 2042 526; x_wconf 86' lang='lat' dir='ltr'>ego</span> 
     </span>
     <span class='ocr_line' id='line_1_6' title="bbox 299 540 2096 606; baseline -0.006 -12"><span class='ocrx_word' id='word_1_47' title='bbox 299 564 319 594; x_wconf 80' lang='lat'>2</span> <span class='ocrx_word' id='word_1_48' title='bbox 348 565 513 606; x_wconf 83' lang='lat' dir='ltr'>semper</span> <span class='ocrx_word' id='word_1_49' title='bbox 556 547 736 600; x_wconf 88' lang='lat' dir='ltr'>servivi,</span> <span class='ocrx_word' id='word_1_50' title='bbox 784 544 910 586; x_wconf 88' lang='lat' dir='ltr'>nobis</span> <span class='ocrx_word' id='word_1_51' title='bbox 956 543 1144 599; x_wconf 89' lang='lat' dir='ltr'>gratiam</span> <span class='ocrx_word' id='word_1_52' title='bbox 1189 542 1469 584; x_wconf 89' lang='lat' dir='ltr'>redtulerunt.</span> <span class='ocrx_word' id='word_1_53' title='bbox 1543 555 1622 582; x_wconf 90' lang='lat' dir='ltr'>nos</span> <span class='ocrx_word' id='word_1_54' title='bbox 1666 540 1888 583; x_wconf 83' lang='lat' dir='ltr'>Brundisii</span> <span class='ocrx_word' id='word_1_55' title='bbox 1931 542 2044 597; x_wconf 89' lang='lat' dir='ltr'>apud</span> <span class='ocrx_word' id='word_1_56' title='bbox 2079 558 2096 584; x_wconf 85' lang='lat'>5</span> 
     </span>
     <span class='ocr_line' id='line_1_7' title="bbox 343 611 2045 667; baseline -0.005 -5"><span class='ocrx_word' id='word_1_57' title='bbox 343 621 398 664; x_wconf 92' lang='lat' dir='ltr'>M.</span> <span class='ocrx_word' id='word_1_58' title='bbox 425 618 630 661; x_wconf 86' lang='lat' dir='ltr'>Laenium</span> <span class='ocrx_word' id='word_1_59' title='bbox 661 616 865 658; x_wconf 83' lang='lat' dir='ltr'>Flaccum</span> <span class='ocrx_word' id='word_1_60' title='bbox 898 613 987 656; x_wconf 89' lang='lat' dir='ltr'>dies</span> <span class='ocrx_word' id='word_1_61' title='bbox 1021 625 1107 654; x_wconf 78' lang='lat' dir='ltr'>XIII</span> <span class='ocrx_word' id='word_1_62' title='bbox 1140 612 1314 666; x_wconf 85' lang='lat' dir='ltr'>fuimus,</span> <span class='ocrx_word' id='word_1_63' title='bbox 1346 611 1486 653; x_wconf 87' lang='lat' dir='ltr'>virum</span> <span class='ocrx_word' id='word_1_64' title='bbox 1517 612 1743 666; x_wconf 87' lang='lat' dir='ltr'>optimum,</span> <span class='ocrx_word' id='word_1_65' title='bbox 1776 612 1850 667; x_wconf 89' lang='lat' dir='ltr'>qui</span> <span class='ocrx_word' id='word_1_66' title='bbox 1880 613 2045 667; x_wconf 84' lang='lat' dir='ltr'>pericu-</span> 
     </span>
     <span class='ocr_line' id='line_1_8' title="bbox 343 683 2044 740; baseline -0.004 -8"><span class='ocrx_word' id='word_1_67' title='bbox 343 693 431 733; x_wconf 89' lang='lat' dir='ltr'>lum</span> <span class='ocrx_word' id='word_1_68' title='bbox 463 690 731 731; x_wconf 88' lang='lat' dir='ltr'>fortunarum</span> <span class='ocrx_word' id='word_1_69' title='bbox 764 689 806 727; x_wconf 83' lang='lat' dir='ltr'>et</span> <span class='ocrx_word' id='word_1_70' title='bbox 839 684 994 740; x_wconf 84' lang='lat' dir='ltr'>capitis</span> <span class='ocrx_word' id='word_1_71' title='bbox 1027 684 1094 725; x_wconf 91' lang='lat' dir='ltr'>sui</span> <span class='ocrx_word' id='word_1_72' title='bbox 1125 698 1227 738; x_wconf 88' lang='lat' dir='ltr'>prae</span> <span class='ocrx_word' id='word_1_73' title='bbox 1260 697 1356 724; x_wconf 91' lang='lat' dir='ltr'>mea</span> <span class='ocrx_word' id='word_1_74' title='bbox 1388 683 1528 724; x_wconf 90' lang='lat' dir='ltr'>salute</span> <span class='ocrx_word' id='word_1_75' title='bbox 1553 683 1746 738; x_wconf 86' lang='lat' dir='ltr'>neglexit</span> <span class='ocrx_word' id='word_1_76' title='bbox 1770 697 1909 738; x_wconf 87' lang='lat' dir='ltr'>neque</span> <span class='ocrx_word' id='word_1_77' title='bbox 1934 683 2044 740; x_wconf 84' lang='lat' dir='ltr'>legis</span> 
     </span>
     <span class='ocr_line' id='line_1_9' title="bbox 342 753 2045 814; baseline -0.004 -12"><span class='ocrx_word' id='word_1_78' title='bbox 342 759 685 814; x_wconf 80' lang='lat' dir='ltr'>improbissimae</span> <span class='ocrx_word' id='word_1_79' title='bbox 717 771 857 812; x_wconf 87' lang='lat' dir='ltr'>poena</span> <span class='ocrx_word' id='word_1_80' title='bbox 889 755 1097 797; x_wconf 81' lang='lat' dir='ltr'>deductus</span> <span class='ocrx_word' id='word_1_81' title='bbox 1130 756 1214 809; x_wconf 89' lang='lat' dir='ltr'>est,</span> <span class='ocrx_word' id='word_1_82' title='bbox 1247 768 1331 808; x_wconf 88' lang='lat' dir='ltr'>quo</span> <span class='ocrx_word' id='word_1_83' title='bbox 1365 753 1508 795; x_wconf 89' lang='lat' dir='ltr'>minus</span> <span class='ocrx_word' id='word_1_84' title='bbox 1540 753 1724 808; x_wconf 87' lang='lat' dir='ltr'>hospitii</span> <span class='ocrx_word' id='word_1_85' title='bbox 1756 757 1799 796; x_wconf 87' lang='lat' dir='ltr'>et</span> <span class='ocrx_word' id='word_1_86' title='bbox 1830 754 2045 797; x_wconf 82' lang='lat' dir='ltr'>amicitiae</span> 
     </span>
     <span class='ocr_line' id='line_1_10' title="bbox 344 824 2047 883; baseline -0.003 -10"><span class='ocrx_word' id='word_1_87' title='bbox 344 832 409 873; x_wconf 89' lang='lat' dir='ltr'>ius</span> <span class='ocrx_word' id='word_1_88' title='bbox 442 830 713 883; x_wconf 84' lang='lat' dir='ltr'>officiumque</span> <span class='ocrx_word' id='word_1_89' title='bbox 746 828 1006 882; x_wconf 68' lang='lat' dir='ltr'>praestaret:</span> <span class='ocrx_word' id='word_1_90' title='bbox 1047 825 1147 867; x_wconf 82' lang='lat' dir='ltr'>huic</span> <span class='ocrx_word' id='word_1_91' title='bbox 1185 824 1352 866; x_wconf 88' lang='lat' dir='ltr'>utinam</span> <span class='ocrx_word' id='word_1_92' title='bbox 1391 824 1623 879; x_wconf 86' lang='lat' dir='ltr'>aliquando</span> <span class='ocrx_word' id='word_1_93' title='bbox 1661 825 1851 880; x_wconf 83' lang='lat' dir='ltr'>gratiam</span> <span class='ocrx_word' id='word_1_94' title='bbox 1888 825 2047 868; x_wconf 85' lang='lat' dir='ltr'>referre</span> 
     </span>
     <span class='ocr_line' id='line_1_11' title="bbox 302 895 2101 957; baseline -0.002 -14"><span class='ocrx_word' id='word_1_95' title='bbox 302 914 320 944; x_wconf 83' lang='lat'><strong>3</strong></span> <span class='ocrx_word' id='word_1_96' title='bbox 349 901 584 957; x_wconf 79' lang='lat' dir='ltr'>possimus!</span> <span class='ocrx_word' id='word_1_97' title='bbox 628 899 884 940; x_wconf 87' lang='lat' dir='ltr'>habebimus</span> <span class='ocrx_word' id='word_1_98' title='bbox 930 896 1103 951; x_wconf 85' lang='lat' dir='ltr'>quidem</span> <span class='ocrx_word' id='word_1_99' title='bbox 1149 910 1329 950; x_wconf 86' lang='lat' dir='ltr'>semper.</span> <span class='ocrx_word' id='word_1_100' title='bbox 1395 895 1626 937; x_wconf 86' lang='lat' dir='ltr'>Brundisio</span> <span class='ocrx_word' id='word_1_101' title='bbox 1670 896 1854 951; x_wconf 86' lang='lat' dir='ltr'>profecti</span> <span class='ocrx_word' id='word_1_102' title='bbox 1899 911 2046 938; x_wconf 88' lang='lat' dir='ltr'>sumus</span> <span class='ocrx_word' id='word_1_103' title='bbox 2068 914 2101 940; x_wconf 84' lang='lat'>10</span> 
     </span>
     <span class='ocr_line' id='line_1_12' title="bbox 349 964 2049 1023; baseline -0.002 -10"><span class='ocrx_word' id='word_1_104' title='bbox 349 987 382 1014; x_wconf 89' lang='lat' dir='ltr'>a.</span> <span class='ocrx_word' id='word_1_105' title='bbox 416 972 452 1012; x_wconf 88' lang='lat' dir='ltr'>d.</span> <span class='ocrx_word' id='word_1_106' title='bbox 486 983 519 1012; x_wconf 92' lang='lat'>11</span> <span class='ocrx_word' id='word_1_107' title='bbox 551 969 602 1012; x_wconf 88' lang='lat' dir='ltr'>K.</span> <span class='ocrx_word' id='word_1_108' title='bbox 633 968 751 1011; x_wconf 50' lang='grc' dir='ltr'>Μαίη</span> <span class='ocrx_word' id='word_1_109' title='bbox 792 984 869 1023; x_wconf 90' lang='lat' dir='ltr'>per</span> <span class='ocrx_word' id='word_1_110' title='bbox 900 967 1199 1010; x_wconf 82' lang='lat' dir='ltr'>Macedoniam</span> <span class='ocrx_word' id='word_1_111' title='bbox 1231 964 1436 1021; x_wconf 83' lang='lat' dir='ltr'>Cyzicum</span> <span class='ocrx_word' id='word_1_112' title='bbox 1472 967 1737 1022; x_wconf 87' lang='lat' dir='ltr'>petebamus.</span> <span class='ocrx_word' id='word_1_113' title='bbox 1795 982 1819 1009; x_wconf 94' lang='lat' dir='ltr'>o</span> <span class='ocrx_word' id='word_1_114' title='bbox 1852 982 1919 1009; x_wconf 89' lang='lat' dir='ltr'>me</span> <span class='ocrx_word' id='word_1_115' title='bbox 1956 982 2049 1023; x_wconf 84' lang='lat' dir='ltr'>per-</span> 
     </span>
     <span class='ocr_line' id='line_1_13' title="bbox 350 1038 2050 1094; baseline -0.002 -9"><span class='ocrx_word' id='word_1_116' title='bbox 350 1043 504 1085; x_wconf 83' lang='lat' dir='ltr'>ditum!</span> <span class='ocrx_word' id='word_1_117' title='bbox 531 1056 554 1082; x_wconf 95' lang='lat' dir='ltr'>o</span> <span class='ocrx_word' id='word_1_118' title='bbox 582 1040 810 1082; x_wconf 81' lang='lat' dir='ltr'>afflictum!</span> <span class='ocrx_word' id='word_1_119' title='bbox 839 1039 940 1094; x_wconf 87' lang='lat' dir='ltr'>quid</span> <span class='ocrx_word' id='word_1_120' title='bbox 966 1052 1080 1080; x_wconf 86' lang='lat' dir='ltr'>nuno</span> <span class='ocrx_word' id='word_1_121' title='bbox 1106 1051 1257 1093; x_wconf 81' lang='lat' dir='ltr'>rogem</span> <span class='ocrx_word' id='word_1_122' title='bbox 1283 1041 1338 1092; x_wconf 90' lang='lat' dir='ltr'>te,</span> <span class='ocrx_word' id='word_1_123' title='bbox 1364 1041 1414 1080; x_wconf 91' lang='lat' dir='ltr'>ut</span> <span class='ocrx_word' id='word_1_124' title='bbox 1438 1038 1597 1093; x_wconf 85' lang='lat' dir='ltr'>venias,</span> <span class='ocrx_word' id='word_1_125' title='bbox 1623 1038 1848 1080; x_wconf 87' lang='lat' dir='ltr'>mulierem</span> <span class='ocrx_word' id='word_1_126' title='bbox 1869 1052 2050 1094; x_wconf 86' lang='lat' dir='ltr'>aegram</span> 
     </span>
     <span class='ocr_line' id='line_1_14' title="bbox 349 1107 2049 1166; baseline -0.002 -11"><span class='ocrx_word' id='word_1_127' title='bbox 349 1117 392 1155; x_wconf 84' lang='lat' dir='ltr'>et</span> <span class='ocrx_word' id='word_1_128' title='bbox 424 1126 601 1166; x_wconf 82' lang='lat' dir='ltr'>corpore</span> <span class='ocrx_word' id='word_1_129' title='bbox 635 1113 678 1152; x_wconf 92' lang='lat' dir='ltr'>et</span> <span class='ocrx_word' id='word_1_130' title='bbox 710 1111 851 1152; x_wconf 91' lang='lat' dir='ltr'>animo</span> <span class='ocrx_word' id='word_1_131' title='bbox 885 1107 1154 1151; x_wconf 76' lang='lat' dir='ltr'>confectam?</span> <span class='ocrx_word' id='word_1_132' title='bbox 1204 1123 1292 1150; x_wconf 89' lang='lat' dir='ltr'>non</span> <span class='ocrx_word' id='word_1_133' title='bbox 1322 1108 1501 1164; x_wconf 82' lang='lat' dir='ltr'>rogem?</span> <span class='ocrx_word' id='word_1_134' title='bbox 1552 1109 1642 1151; x_wconf 90' lang='lat' dir='ltr'>sine</span> <span class='ocrx_word' id='word_1_135' title='bbox 1681 1112 1723 1151; x_wconf 87' lang='lat' dir='ltr'>te</span> <span class='ocrx_word' id='word_1_136' title='bbox 1761 1109 1899 1165; x_wconf 87' lang='lat' dir='ltr'>igitur</span> <span class='ocrx_word' id='word_1_137' title='bbox 1937 1109 2049 1151; x_wconf 76' lang='lat' dir='ltr'>sim?</span> 
     </span>
     <span class='ocr_line' id='line_1_15' title="bbox 349 1179 2051 1238; baseline -0.002 -13"><span class='ocrx_word' id='word_1_138' title='bbox 349 1184 512 1238; x_wconf 83' lang='lat' dir='ltr'>opinor,</span> <span class='ocrx_word' id='word_1_139' title='bbox 544 1182 605 1223; x_wconf 83' lang='lat' dir='ltr'>sio</span> <span class='ocrx_word' id='word_1_140' title='bbox 638 1196 780 1237; x_wconf 89' lang='lat' dir='ltr'>agam:</span> <span class='ocrx_word' id='word_1_141' title='bbox 815 1181 851 1222; x_wconf 90' lang='lat' dir='ltr'>si</span> <span class='ocrx_word' id='word_1_142' title='bbox 883 1183 949 1223; x_wconf 88' lang='lat' dir='ltr'>est</span> <span class='ocrx_word' id='word_1_143' title='bbox 981 1194 1078 1235; x_wconf 89' lang='lat' dir='ltr'>spes</span> <span class='ocrx_word' id='word_1_144' title='bbox 1109 1179 1251 1220; x_wconf 86' lang='lat' dir='ltr'>nostri</span> <span class='ocrx_word' id='word_1_145' title='bbox 1283 1179 1467 1236; x_wconf 88' lang='lat' dir='ltr'>reditus,</span> <span class='ocrx_word' id='word_1_146' title='bbox 1498 1195 1593 1221; x_wconf 90' lang='lat' dir='ltr'>eam</span> <span class='ocrx_word' id='word_1_147' title='bbox 1626 1181 1852 1222; x_wconf 81' lang='lat' dir='ltr'>confirmes</span> <span class='ocrx_word' id='word_1_148' title='bbox 1884 1183 1928 1223; x_wconf 90' lang='lat' dir='ltr'>et</span> <span class='ocrx_word' id='word_1_149' title='bbox 1959 1196 2051 1223; x_wconf 87' lang='lat' dir='ltr'>rem</span> 
     </span>
     <span class='ocr_line' id='line_1_16' title="bbox 348 1252 2106 1309; baseline -0.001 -13"><span class='ocrx_word' id='word_1_150' title='bbox 348 1254 540 1309; x_wconf 70' lang='lat' dir='ltr'>adiuves,</span> <span class='ocrx_word' id='word_1_151' title='bbox 571 1252 650 1306; x_wconf 86' lang='lat' dir='ltr'>sin,</span> <span class='ocrx_word' id='word_1_152' title='bbox 682 1255 731 1294; x_wconf 85' lang='lat' dir='ltr'>ut</span> <span class='ocrx_word' id='word_1_153' title='bbox 762 1266 841 1308; x_wconf 87' lang='lat' dir='ltr'>ego</span> <span class='ocrx_word' id='word_1_154' title='bbox 875 1254 1034 1306; x_wconf 90' lang='lat' dir='ltr'>metuo,</span> <span class='ocrx_word' id='word_1_155' title='bbox 1066 1252 1338 1292; x_wconf 83' lang='lat' dir='ltr'>transactum</span> <span class='ocrx_word' id='word_1_156' title='bbox 1370 1254 1449 1305; x_wconf 90' lang='lat' dir='ltr'>est,</span> <span class='ocrx_word' id='word_1_157' title='bbox 1482 1265 1653 1307; x_wconf 88' lang='lat' dir='ltr'>quoquo</span> <span class='ocrx_word' id='word_1_158' title='bbox 1685 1252 1812 1294; x_wconf 93' lang='lat' dir='ltr'>modo</span> <span class='ocrx_word' id='word_1_159' title='bbox 1842 1254 1966 1306; x_wconf 87' lang='lat' dir='ltr'>potes</span> <span class='ocrx_word' id='word_1_160' title='bbox 1999 1253 2052 1294; x_wconf 86' lang='lat' dir='ltr'>ad</span> <span class='ocrx_word' id='word_1_161' title='bbox 2073 1269 2106 1295; x_wconf 87' lang='lat'>15</span> 
     </span>
     <span class='ocr_line' id='line_1_17' title="bbox 348 1321 2053 1378; baseline -0.001 -11"><span class='ocrx_word' id='word_1_162' title='bbox 348 1341 414 1367; x_wconf 89' lang='lat' dir='ltr'>me</span> <span class='ocrx_word' id='word_1_163' title='bbox 454 1325 521 1367; x_wconf 84' lang='lat' dir='ltr'>fac</span> <span class='ocrx_word' id='word_1_164' title='bbox 552 1323 709 1366; x_wconf 84' lang='lat' dir='ltr'>venias.</span> <span class='ocrx_word' id='word_1_165' title='bbox 773 1338 907 1364; x_wconf 88' lang='lat' dir='ltr'>unum</span> <span class='ocrx_word' id='word_1_166' title='bbox 944 1323 1026 1364; x_wconf 84' lang='lat' dir='ltr'>hoe</span> <span class='ocrx_word' id='word_1_167' title='bbox 1065 1322 1192 1364; x_wconf 79' lang='lat' dir='ltr'>seito:</span> <span class='ocrx_word' id='word_1_168' title='bbox 1232 1322 1268 1363; x_wconf 91' lang='lat' dir='ltr'>si</span> <span class='ocrx_word' id='word_1_169' title='bbox 1300 1324 1342 1363; x_wconf 88' lang='lat' dir='ltr'>te</span> <span class='ocrx_word' id='word_1_170' title='bbox 1381 1321 1571 1378; x_wconf 88' lang='lat' dir='ltr'>habebo,</span> <span class='ocrx_word' id='word_1_171' title='bbox 1606 1337 1694 1364; x_wconf 92' lang='lat' dir='ltr'>non</span> <span class='ocrx_word' id='word_1_172' title='bbox 1731 1322 1838 1364; x_wconf 88' lang='lat' dir='ltr'>mihi</span> <span class='ocrx_word' id='word_1_173' title='bbox 1875 1323 2053 1365; x_wconf 87' lang='lat' dir='ltr'>videbor</span> 
     </span>
     <span class='ocr_line' id='line_1_18' title="bbox 348 1392 2053 1452; baseline -0.001 -15"><span class='ocrx_word' id='word_1_174' title='bbox 348 1397 474 1452; x_wconf 87' lang='lat' dir='ltr'>plane</span> <span class='ocrx_word' id='word_1_175' title='bbox 508 1395 679 1449; x_wconf 86' lang='lat' dir='ltr'>perisse.</span> <span class='ocrx_word' id='word_1_176' title='bbox 737 1395 811 1435; x_wconf 92' lang='lat' dir='ltr'>sed</span> <span class='ocrx_word' id='word_1_177' title='bbox 845 1394 947 1449; x_wconf 84' lang='lat' dir='ltr'>quid</span> <span class='ocrx_word' id='word_1_178' title='bbox 980 1392 1169 1435; x_wconf 87' lang='lat' dir='ltr'>Tulliola</span> <span class='ocrx_word' id='word_1_179' title='bbox 1201 1408 1297 1435; x_wconf 90' lang='lat' dir='ltr'>mea</span> <span class='ocrx_word' id='word_1_180' title='bbox 1323 1393 1426 1434; x_wconf 78' lang='lat' dir='ltr'>fiet?</span> <span class='ocrx_word' id='word_1_181' title='bbox 1477 1393 1565 1434; x_wconf 90' lang='lat' dir='ltr'>iam</span> <span class='ocrx_word' id='word_1_182' title='bbox 1590 1393 1633 1435; x_wconf 93' lang='lat' dir='ltr'>id</span> <span class='ocrx_word' id='word_1_183' title='bbox 1659 1408 1735 1435; x_wconf 83' lang='lat' dir='ltr'>vos</span> <span class='ocrx_word' id='word_1_184' title='bbox 1762 1394 1919 1436; x_wconf 87' lang='lat' dir='ltr'>videte:</span> <span class='ocrx_word' id='word_1_185' title='bbox 1945 1394 2053 1436; x_wconf 88' lang='lat' dir='ltr'>mihi</span> 
     </span>
     <span class='ocr_line' id='line_1_19' title="bbox 349 1464 2054 1520; baseline -0.001 -11"><span class='ocrx_word' id='word_1_186' title='bbox 349 1468 443 1509; x_wconf 91' lang='lat' dir='ltr'>dest</span> <span class='ocrx_word' id='word_1_187' title='bbox 475 1466 714 1508; x_wconf 83' lang='lat' dir='ltr'>eonsilium.</span> <span class='ocrx_word' id='word_1_188' title='bbox 771 1466 844 1507; x_wconf 90' lang='lat' dir='ltr'>sed</span> <span class='ocrx_word' id='word_1_189' title='bbox 876 1468 1011 1519; x_wconf 82' lang='lat' dir='ltr'>certe,</span> <span class='ocrx_word' id='word_1_190' title='bbox 1052 1479 1224 1520; x_wconf 89' lang='lat' dir='ltr'>quoquo</span> <span class='ocrx_word' id='word_1_191' title='bbox 1257 1465 1384 1506; x_wconf 92' lang='lat' dir='ltr'>modo</span> <span class='ocrx_word' id='word_1_192' title='bbox 1418 1479 1463 1506; x_wconf 86' lang='lat' dir='ltr'>se</span> <span class='ocrx_word' id='word_1_193' title='bbox 1494 1479 1562 1506; x_wconf 84' lang='lat' dir='ltr'>res</span> <span class='ocrx_word' id='word_1_194' title='bbox 1593 1464 1791 1520; x_wconf 80' lang='lat' dir='ltr'>habebit,</span> <span class='ocrx_word' id='word_1_195' title='bbox 1828 1465 1946 1507; x_wconf 91' lang='lat' dir='ltr'>illius</span> <span class='ocrx_word' id='word_1_196' title='bbox 1976 1465 2054 1507; x_wconf 94' lang='lat' dir='ltr'>mi-</span> 
     </span>
     <span class='ocr_line' id='line_1_20' title="bbox 350 1533 2052 1590; baseline 0 -11"><span class='ocrx_word' id='word_1_197' title='bbox 350 1539 478 1580; x_wconf 88' lang='lat' dir='ltr'>sellae</span> <span class='ocrx_word' id='word_1_198' title='bbox 511 1540 554 1578; x_wconf 87' lang='lat' dir='ltr'>et</span> <span class='ocrx_word' id='word_1_199' title='bbox 586 1537 863 1578; x_wconf 86' lang='lat' dir='ltr'>matrimonio</span> <span class='ocrx_word' id='word_1_200' title='bbox 896 1539 940 1578; x_wconf 90' lang='lat' dir='ltr'>et</span> <span class='ocrx_word' id='word_1_201' title='bbox 971 1536 1111 1577; x_wconf 84' lang='lat' dir='ltr'>famae</span> <span class='ocrx_word' id='word_1_202' title='bbox 1145 1535 1417 1577; x_wconf 85' lang='lat' dir='ltr'>serviendum</span> <span class='ocrx_word' id='word_1_203' title='bbox 1449 1537 1526 1577; x_wconf 88' lang='lat' dir='ltr'>est.</span> <span class='ocrx_word' id='word_1_204' title='bbox 1583 1535 1715 1590; x_wconf 75' lang='lat' dir='ltr'>quid?</span> <span class='ocrx_word' id='word_1_205' title='bbox 1754 1533 1904 1579; x_wconf 77' lang='lat' dir='ltr'>Cicero</span> <span class='ocrx_word' id='word_1_206' title='bbox 1931 1551 2052 1579; x_wconf 85' lang='lat' dir='ltr'>meus</span> 
     </span>
     <span class='ocr_line' id='line_1_21' title="bbox 351 1607 2109 1664; baseline -0.001 -14"><span class='ocrx_word' id='word_1_207' title='bbox 351 1609 451 1664; x_wconf 88' lang='lat' dir='ltr'>quid</span> <span class='ocrx_word' id='word_1_208' title='bbox 490 1608 619 1664; x_wconf 77' lang='lat' dir='ltr'>aget?</span> <span class='ocrx_word' id='word_1_209' title='bbox 676 1608 757 1649; x_wconf 90' lang='lat' dir='ltr'>iste</span> <span class='ocrx_word' id='word_1_210' title='bbox 798 1622 896 1649; x_wconf 82' lang='lat' dir='ltr'>vero</span> <span class='ocrx_word' id='word_1_211' title='bbox 936 1607 995 1649; x_wconf 91' lang='lat' dir='ltr'>sit</span> <span class='ocrx_word' id='word_1_212' title='bbox 1031 1607 1078 1648; x_wconf 89' lang='lat' dir='ltr'>in</span> <span class='ocrx_word' id='word_1_213' title='bbox 1115 1607 1214 1648; x_wconf 88' lang='lat' dir='ltr'>sinu</span> <span class='ocrx_word' id='word_1_214' title='bbox 1255 1621 1424 1661; x_wconf 88' lang='lat' dir='ltr'>semper</span> <span class='ocrx_word' id='word_1_215' title='bbox 1468 1609 1511 1648; x_wconf 89' lang='lat' dir='ltr'>et</span> <span class='ocrx_word' id='word_1_216' title='bbox 1549 1607 1760 1662; x_wconf 85' lang='lat' dir='ltr'>conplexu</span> <span class='ocrx_word' id='word_1_217' title='bbox 1797 1622 1906 1650; x_wconf 86' lang='lat' dir='ltr'>meo.</span> <span class='ocrx_word' id='word_1_218' title='bbox 1966 1622 2056 1650; x_wconf 90' lang='lat' dir='ltr'>non</span> <span class='ocrx_word' id='word_1_219' title='bbox 2074 1623 2109 1648; x_wconf 83' lang='lat'>20</span> 
     </span>
     <span class='ocr_line' id='line_1_22' title="bbox 349 1677 2054 1735; baseline 0.001 -14"><span class='ocrx_word' id='word_1_220' title='bbox 349 1695 457 1735; x_wconf 88' lang='lat' dir='ltr'>queo</span> <span class='ocrx_word' id='word_1_221' title='bbox 493 1680 615 1733; x_wconf 90' lang='lat' dir='ltr'>plura</span> <span class='ocrx_word' id='word_1_222' title='bbox 651 1679 738 1720; x_wconf 88' lang='lat' dir='ltr'>iam</span> <span class='ocrx_word' id='word_1_223' title='bbox 777 1679 983 1720; x_wconf 83' lang='lat' dir='ltr'>scribere:</span> <span class='ocrx_word' id='word_1_224' title='bbox 1026 1677 1193 1732; x_wconf 84' lang='lat' dir='ltr'>inpedit</span> <span class='ocrx_word' id='word_1_225' title='bbox 1230 1692 1410 1719; x_wconf 88' lang='lat' dir='ltr'>maeror.</span> <span class='ocrx_word' id='word_1_226' title='bbox 1468 1681 1517 1719; x_wconf 91' lang='lat' dir='ltr'>tu</span> <span class='ocrx_word' id='word_1_227' title='bbox 1556 1677 1657 1732; x_wconf 85' lang='lat' dir='ltr'>quid</span> <span class='ocrx_word' id='word_1_228' title='bbox 1695 1678 1854 1734; x_wconf 88' lang='lat' dir='ltr'>egeris,</span> <span class='ocrx_word' id='word_1_229' title='bbox 1890 1678 2054 1722; x_wconf 84' lang='lat' dir='ltr'>neseio:</span> 
     </span>
     <span class='ocr_line' id='line_1_23' title="bbox 303 1748 2054 1805; baseline -0.001 -13"><span class='ocrx_word' id='word_1_230' title='bbox 303 1762 324 1792; x_wconf 89' lang='grc'>4</span> <span class='ocrx_word' id='word_1_231' title='bbox 350 1754 496 1793; x_wconf 88' lang='lat' dir='ltr'>utrum</span> <span class='ocrx_word' id='word_1_232' title='bbox 530 1750 692 1804; x_wconf 87' lang='lat' dir='ltr'>aliquid</span> <span class='ocrx_word' id='word_1_233' title='bbox 724 1753 870 1792; x_wconf 84' lang='lat' dir='ltr'>teneas</span> <span class='ocrx_word' id='word_1_234' title='bbox 903 1765 970 1805; x_wconf 86' lang='lat' dir='ltr'>an,</span> <span class='ocrx_word' id='word_1_235' title='bbox 1003 1749 1118 1804; x_wconf 90' lang='lat' dir='ltr'>quod</span> <span class='ocrx_word' id='word_1_236' title='bbox 1149 1751 1308 1803; x_wconf 85' lang='lat' dir='ltr'>metuo,</span> <span class='ocrx_word' id='word_1_237' title='bbox 1340 1750 1467 1803; x_wconf 88' lang='lat' dir='ltr'>plane</span> <span class='ocrx_word' id='word_1_238' title='bbox 1501 1748 1559 1791; x_wconf 89' lang='lat' dir='ltr'>sis</span> <span class='ocrx_word' id='word_1_239' title='bbox 1586 1749 1784 1804; x_wconf 84' lang='lat' dir='ltr'>spoliata.</span> <span class='ocrx_word' id='word_1_240' title='bbox 1839 1748 2054 1804; x_wconf 89' lang='lat' dir='ltr'>Pisonem,</span> 
     </span>
     <span class='ocr_line' id='line_1_24' title="bbox 349 1820 2056 1876; baseline -0.001 -12"><span class='ocrx_word' id='word_1_241' title='bbox 349 1825 398 1864; x_wconf 91' lang='lat' dir='ltr'>ut</span> <span class='ocrx_word' id='word_1_242' title='bbox 429 1820 600 1876; x_wconf 81' lang='lat' dir='ltr'>scribis,</span> <span class='ocrx_word' id='word_1_243' title='bbox 644 1835 768 1876; x_wconf 88' lang='lat' dir='ltr'>spero</span> <span class='ocrx_word' id='word_1_244' title='bbox 808 1821 898 1863; x_wconf 90' lang='lat' dir='ltr'>fore</span> <span class='ocrx_word' id='word_1_245' title='bbox 935 1835 1105 1875; x_wconf 88' lang='lat' dir='ltr'>semper</span> <span class='ocrx_word' id='word_1_246' title='bbox 1142 1823 1353 1862; x_wconf 88' lang='lat' dir='ltr'>nostrum.</span> <span class='ocrx_word' id='word_1_247' title='bbox 1411 1821 1461 1862; x_wconf 92' lang='lat' dir='ltr'>de</span> <span class='ocrx_word' id='word_1_248' title='bbox 1499 1820 1668 1862; x_wconf 86' lang='lat' dir='ltr'>familia</span> <span class='ocrx_word' id='word_1_249' title='bbox 1704 1820 1906 1874; x_wconf 84' lang='lat' dir='ltr'>liberata,</span> <span class='ocrx_word' id='word_1_250' title='bbox 1945 1820 2056 1863; x_wconf 89' lang='lat' dir='ltr'>nihil</span> 
     </span>
     <span class='ocr_line' id='line_1_25' title="bbox 351 1890 2056 1947; baseline -0.001 -12"><span class='ocrx_word' id='word_1_251' title='bbox 351 1896 417 1935; x_wconf 90' lang='lat' dir='ltr'>est</span> <span class='ocrx_word' id='word_1_252' title='bbox 449 1893 563 1947; x_wconf 90' lang='lat' dir='ltr'>quod</span> <span class='ocrx_word' id='word_1_253' title='bbox 594 1895 636 1934; x_wconf 91' lang='lat' dir='ltr'>te</span> <span class='ocrx_word' id='word_1_254' title='bbox 671 1894 857 1933; x_wconf 86' lang='lat' dir='ltr'>moveat:</span> <span class='ocrx_word' id='word_1_255' title='bbox 895 1892 1085 1947; x_wconf 88' lang='lat' dir='ltr'>primum</span> <span class='ocrx_word' id='word_1_256' title='bbox 1117 1891 1205 1933; x_wconf 91' lang='lat' dir='ltr'>tuis</span> <span class='ocrx_word' id='word_1_257' title='bbox 1237 1891 1301 1932; x_wconf 90' lang='lat' dir='ltr'>ita</span> <span class='ocrx_word' id='word_1_258' title='bbox 1337 1891 1601 1946; x_wconf 89' lang='lat' dir='ltr'>promissum</span> <span class='ocrx_word' id='word_1_259' title='bbox 1639 1893 1722 1947; x_wconf 87' lang='lat' dir='ltr'>est,</span> <span class='ocrx_word' id='word_1_260' title='bbox 1758 1893 1803 1932; x_wconf 88' lang='lat' dir='ltr'>te</span> <span class='ocrx_word' id='word_1_261' title='bbox 1839 1890 2056 1933; x_wconf 82' lang='lat' dir='ltr'>facturam</span> 
     </span>
     <span class='ocr_line' id='line_1_26' title="bbox 352 1960 2107 2018; baseline 0.002 -13"><span class='ocrx_word' id='word_1_262' title='bbox 352 1979 454 2018; x_wconf 90' lang='lat' dir='ltr'>esse,</span> <span class='ocrx_word' id='word_1_263' title='bbox 486 1966 534 2005; x_wconf 87' lang='lat' dir='ltr'>ut</span> <span class='ocrx_word' id='word_1_264' title='bbox 567 1964 748 2018; x_wconf 86' lang='lat' dir='ltr'>quisque</span> <span class='ocrx_word' id='word_1_265' title='bbox 781 1966 894 2004; x_wconf 90' lang='lat' dir='ltr'>esset</span> <span class='ocrx_word' id='word_1_266' title='bbox 927 1963 1126 2017; x_wconf 75' lang='lat' dir='ltr'>meritus,</span> <span class='ocrx_word' id='word_1_267' title='bbox 1160 1964 1225 2004; x_wconf 89' lang='lat' dir='ltr'>est</span> <span class='ocrx_word' id='word_1_268' title='bbox 1257 1964 1404 2004; x_wconf 91' lang='lat' dir='ltr'>autem</span> <span class='ocrx_word' id='word_1_269' title='bbox 1435 1963 1479 2004; x_wconf 91' lang='lat' dir='ltr'>in</span> <span class='ocrx_word' id='word_1_270' title='bbox 1506 1961 1651 2004; x_wconf 82' lang='lat' dir='ltr'>officio</span> <span class='ocrx_word' id='word_1_271' title='bbox 1679 1962 1818 2004; x_wconf 85' lang='lat' dir='ltr'>adhuc</span> <span class='ocrx_word' id='word_1_272' title='bbox 1845 1960 2054 2018; x_wconf 81' lang='lat' dir='ltr'>OrpheuS,</span> <span class='ocrx_word' id='word_1_273' title='bbox 2073 1981 2107 2008; x_wconf 82' lang='lat'>25</span> 
     </span>
     <span class='ocr_line' id='line_1_27' title="bbox 352 2036 2056 2090; baseline 0.001 -15"><span class='ocrx_word' id='word_1_274' title='bbox 352 2038 575 2089; x_wconf 87' lang='lat' dir='ltr'>praeterea</span> <span class='ocrx_word' id='word_1_275' title='bbox 605 2048 866 2090; x_wconf 80' lang='lat' dir='ltr'>magnopere</span> <span class='ocrx_word' id='word_1_276' title='bbox 897 2049 1043 2089; x_wconf 71' lang='lat' dir='ltr'>nemo,</span> <span class='ocrx_word' id='word_1_277' title='bbox 1088 2037 1332 2076; x_wconf 84' lang='lat' dir='ltr'>ceterorum</span> <span class='ocrx_word' id='word_1_278' title='bbox 1365 2048 1588 2075; x_wconf 85' lang='lat' dir='ltr'>servorum</span> <span class='ocrx_word' id='word_1_279' title='bbox 1626 2047 1675 2075; x_wconf 87' lang='lat' dir='ltr'>ea</span> <span class='ocrx_word' id='word_1_280' title='bbox 1707 2048 1837 2076; x_wconf 85' lang='lat' dir='ltr'>causa</span> <span class='ocrx_word' id='word_1_281' title='bbox 1874 2036 1959 2089; x_wconf 87' lang='lat' dir='ltr'>est,</span> <span class='ocrx_word' id='word_1_282' title='bbox 1995 2036 2056 2090; x_wconf 90' lang='lat' dir='ltr'>ut,</span> 
     </span>
     <span class='ocr_line' id='line_1_28' title="bbox 353 2103 2056 2161; baseline 0.001 -15"><span class='ocrx_word' id='word_1_283' title='bbox 353 2106 389 2147; x_wconf 88' lang='lat' dir='ltr'>si</span> <span class='ocrx_word' id='word_1_284' title='bbox 421 2120 487 2147; x_wconf 90' lang='lat' dir='ltr'>res</span> <span class='ocrx_word' id='word_1_285' title='bbox 521 2120 545 2147; x_wconf 88' lang='lat' dir='ltr'>a</span> <span class='ocrx_word' id='word_1_286' title='bbox 574 2105 700 2147; x_wconf 89' lang='lat' dir='ltr'>nobis</span> <span class='ocrx_word' id='word_1_287' title='bbox 732 2105 912 2159; x_wconf 89' lang='lat' dir='ltr'>abisset,</span> <span class='ocrx_word' id='word_1_288' title='bbox 944 2105 1093 2146; x_wconf 89' lang='lat' dir='ltr'>liberti</span> <span class='ocrx_word' id='word_1_289' title='bbox 1123 2105 1265 2146; x_wconf 88' lang='lat' dir='ltr'>nostri</span> <span class='ocrx_word' id='word_1_290' title='bbox 1298 2107 1461 2160; x_wconf 80' lang='lat' dir='ltr'>essent,</span> <span class='ocrx_word' id='word_1_291' title='bbox 1494 2105 1530 2146; x_wconf 89' lang='lat' dir='ltr'>si</span> <span class='ocrx_word' id='word_1_292' title='bbox 1565 2103 1759 2159; x_wconf 87' lang='lat' dir='ltr'>optinere</span> <span class='ocrx_word' id='word_1_293' title='bbox 1797 2104 2056 2161; x_wconf 87' lang='lat' dir='ltr'>potuissent,</span> 
     </span>
     <span class='ocr_line' id='line_1_29' title="bbox 354 2174 2057 2231; baseline 0.001 -15"><span class='ocrx_word' id='word_1_294' title='bbox 354 2176 419 2217; x_wconf 87' lang='lat' dir='ltr'>sin</span> <span class='ocrx_word' id='word_1_295' title='bbox 457 2177 509 2217; x_wconf 92' lang='lat' dir='ltr'>ad</span> <span class='ocrx_word' id='word_1_296' title='bbox 547 2191 624 2217; x_wconf 89' lang='lat' dir='ltr'>nos</span> <span class='ocrx_word' id='word_1_297' title='bbox 663 2176 948 2231; x_wconf 83' lang='lat' dir='ltr'>pertinerent,</span> <span class='ocrx_word' id='word_1_298' title='bbox 992 2176 1203 2218; x_wconf 86' lang='lat' dir='ltr'>servirent</span> <span class='ocrx_word' id='word_1_299' title='bbox 1242 2179 1548 2231; x_wconf 86' lang='lat' dir='ltr'>praeterquam</span> <span class='ocrx_word' id='word_1_300' title='bbox 1587 2174 1744 2230; x_wconf 90' lang='lat' dir='ltr'>oppido</span> <span class='ocrx_word' id='word_1_301' title='bbox 1783 2176 1920 2231; x_wconf 83' lang='lat' dir='ltr'>pauci.</span> <span class='ocrx_word' id='word_1_302' title='bbox 1983 2177 2057 2218; x_wconf 87' lang='lat' dir='ltr'>sed</span> 
     </span>
     <span class='ocr_line' id='line_1_30' title="bbox 309 2246 2058 2304; baseline 0.002 -17"><span class='ocrx_word' id='word_1_303' title='bbox 309 2258 327 2287; x_wconf 82' lang='lat'>5</span> <span class='ocrx_word' id='word_1_304' title='bbox 353 2246 457 2288; x_wconf 81' lang='lat' dir='ltr'>haee</span> <span class='ocrx_word' id='word_1_305' title='bbox 489 2247 656 2289; x_wconf 88' lang='lat' dir='ltr'>minora</span> <span class='ocrx_word' id='word_1_306' title='bbox 688 2250 797 2289; x_wconf 88' lang='lat' dir='ltr'>sunt.</span> <span class='ocrx_word' id='word_1_307' title='bbox 855 2250 903 2289; x_wconf 88' lang='lat' dir='ltr'>tu</span> <span class='ocrx_word' id='word_1_308' title='bbox 936 2248 1049 2302; x_wconf 87' lang='lat' dir='ltr'>quod</span> <span class='ocrx_word' id='word_1_309' title='bbox 1080 2262 1147 2289; x_wconf 91' lang='lat' dir='ltr'>me</span> <span class='ocrx_word' id='word_1_310' title='bbox 1185 2247 1397 2303; x_wconf 86' lang='lat' dir='ltr'>hortaris,</span> <span class='ocrx_word' id='word_1_311' title='bbox 1433 2250 1483 2288; x_wconf 89' lang='lat' dir='ltr'>ut</span> <span class='ocrx_word' id='word_1_312' title='bbox 1521 2247 1664 2289; x_wconf 87' lang='lat' dir='ltr'>animo</span> <span class='ocrx_word' id='word_1_313' title='bbox 1704 2246 1786 2288; x_wconf 89' lang='lat' dir='ltr'>sim</span> <span class='ocrx_word' id='word_1_314' title='bbox 1825 2261 1981 2304; x_wconf 85' lang='lat' dir='ltr'>magno</span> <span class='ocrx_word' id='word_1_315' title='bbox 2013 2250 2058 2290; x_wconf 85' lang='lat' dir='ltr'>et</span> 
     </span>
    </p>
   </div>
   <div class='ocr_carea' id='block_1_3' title="bbox 356 2319 635 2324">
    <p class='ocr_par' dir='ltr' id='par_1_3' title="bbox 356 2319 635 2324">
     <span class='ocr_line' id='line_1_31' title="bbox 356 2319 635 2324; baseline 0 0"><span class='ocrx_word' id='word_1_316' title='bbox 356 2319 635 2324; x_wconf 95' lang='lat' dir='ltr'> </span> 
     </span>
    </p>
   </div>
   <div class='ocr_carea' id='block_1_4' title="bbox 348 2350 2059 3153">
    <p class='ocr_par' dir='ltr' id='par_1_4' title="bbox 348 2350 2059 3153">
     <span class='ocr_line' id='line_1_32' title="bbox 472 2350 2058 2398; baseline 0.001 -13"><span class='ocrx_word' id='word_1_317' title='bbox 472 2354 502 2385; x_wconf 90' lang='lat'>2.</span> <span class='ocrx_word' id='word_1_318' title='bbox 530 2350 577 2396; x_wconf 86' lang='lat' dir='ltr'>si]</span> <span class='ocrx_word' id='word_1_319' title='bbox 606 2351 663 2386; x_wconf 89' lang='lat' dir='ltr'>sin</span> <span class='ocrx_word' id='word_1_320' title='bbox 682 2353 751 2387; x_wconf 67' lang='lat' dir='ltr'>aliz·</span> <span class='ocrx_word' id='word_1_321' title='bbox 768 2353 780 2396; x_wconf 81' lang='grc'>11</span> <span class='ocrx_word' id='word_1_322' title='bbox 800 2356 831 2388; x_wconf 86' lang='lat'>5.</span> <span class='ocrx_word' id='word_1_323' title='bbox 860 2363 1004 2397; x_wconf 85' lang='lat' dir='ltr'>semper</span> <span class='ocrx_word' id='word_1_324' title='bbox 1023 2352 1078 2396; x_wconf 87' lang='lat' dir='ltr'>M,</span> <span class='ocrx_word' id='word_1_325' title='bbox 1099 2363 1164 2388; x_wconf 83' lang='lat' dir='ltr'>om.</span> <span class='ocrx_word' id='word_1_326' title='bbox 1189 2352 1309 2387; x_wconf 85' lang='lat' dir='ltr'>FHD</span> <span class='ocrx_word' id='word_1_327' title='bbox 1327 2353 1338 2397; x_wconf 80' lang='grc' dir='ltr'>ΙΙ</span> <span class='ocrx_word' id='word_1_328' title='bbox 1357 2351 1593 2386; x_wconf 83' lang='lat' dir='ltr'>redtulerunt</span> <span class='ocrx_word' id='word_1_329' title='bbox 1611 2352 1666 2396; x_wconf 88' lang='lat' dir='ltr'>M,</span> <span class='ocrx_word' id='word_1_330' title='bbox 1686 2351 1894 2386; x_wconf 84' lang='lat' dir='ltr'>retulerunt</span> <span class='ocrx_word' id='word_1_331' title='bbox 1913 2351 2058 2398; x_wconf 57' lang='lat' dir='ltr'>FHDH</span> 
     </span>
     <span class='ocr_line' id='line_1_33' title="bbox 356 2397 2056 2444; baseline 0.001 -13"><span class='ocrx_word' id='word_1_332' title='bbox 356 2401 386 2432; x_wconf 87' lang='grc'>6.</span> <span class='ocrx_word' id='word_1_333' title='bbox 412 2397 551 2432; x_wconf 86' lang='lat' dir='ltr'>lenium</span> <span class='ocrx_word' id='word_1_334' title='bbox 579 2399 659 2433; x_wconf 71' lang='lat' dir='ltr'>²PF</span> <span class='ocrx_word' id='word_1_335' title='bbox 692 2402 703 2443; x_wconf 81' lang='grc' dir='ltr'>ΙΙ</span> <span class='ocrx_word' id='word_1_336' title='bbox 742 2403 771 2434; x_wconf 92' lang='lat'>7.</span> <span class='ocrx_word' id='word_1_337' title='bbox 800 2410 888 2444; x_wconf 83' lang='lat' dir='ltr'>prae</span> <span class='ocrx_word' id='word_1_338' title='bbox 914 2400 1015 2444; x_wconf 84' lang='lat' dir='ltr'>MD,</span> <span class='ocrx_word' id='word_1_339' title='bbox 1053 2410 1119 2444; x_wconf 91' lang='lat' dir='ltr'>pro</span> <span class='ocrx_word' id='word_1_340' title='bbox 1149 2399 1238 2435; x_wconf 86' lang='lat' dir='ltr'>FH.</span> <span class='ocrx_word' id='word_1_341' title='bbox 1283 2400 1328 2443; x_wconf 81' lang='lat' dir='ltr'>cf.</span> <span class='ocrx_word' id='word_1_342' title='bbox 1357 2399 1520 2434; x_wconf 69' lang='lat' dir='ltr'>Schmalz</span> <span class='ocrx_word' id='word_1_343' title='bbox 1549 2411 1676 2444; x_wconf 74' lang='lat' dir='ltr'>proyr.</span> <span class='ocrx_word' id='word_1_344' title='bbox 1702 2399 1931 2434; x_wconf 64' lang='lat' dir='ltr'>Maomheim.</span> <span class='ocrx_word' id='word_1_345' title='bbox 1965 2402 2056 2434; x_wconf 86' lang='lat'>1881</span> 
     </span>
     <span class='ocr_line' id='line_1_34' title="bbox 351 2445 2057 2491; baseline 0.001 -12"><span class='ocrx_word' id='word_1_346' title='bbox 351 2457 388 2490; x_wconf 74' lang='lat'>1).</span> <span class='ocrx_word' id='word_1_347' title='bbox 410 2449 454 2478; x_wconf 84' lang='lat'>22</span> <span class='ocrx_word' id='word_1_348' title='bbox 492 2447 502 2489; x_wconf 81' lang='grc' dir='ltr'>ΙΙ</span> <span class='ocrx_word' id='word_1_349' title='bbox 541 2448 571 2480; x_wconf 97' lang='lat'>7.</span> <span class='ocrx_word' id='word_1_350' title='bbox 598 2450 629 2480; x_wconf 83' lang='lat'>8.</span> <span class='ocrx_word' id='word_1_351' title='bbox 656 2457 775 2490; x_wconf 87' lang='lat' dir='ltr'>neque</span> <span class='ocrx_word' id='word_1_352' title='bbox 807 2446 901 2491; x_wconf 85' lang='lat' dir='ltr'>legis</span> <span class='ocrx_word' id='word_1_353' title='bbox 927 2446 1201 2491; x_wconf 84' lang='lat' dir='ltr'>improbissime</span> <span class='ocrx_word' id='word_1_354' title='bbox 1227 2447 1288 2491; x_wconf 87' lang='lat' dir='ltr'>M,</span> <span class='ocrx_word' id='word_1_355' title='bbox 1319 2457 1439 2490; x_wconf 83' lang='lat' dir='ltr'>neque</span> <span class='ocrx_word' id='word_1_356' title='bbox 1471 2446 1747 2491; x_wconf 79' lang='lat' dir='ltr'>improbissime</span> <span class='ocrx_word' id='word_1_357' title='bbox 1775 2446 1860 2481; x_wconf 73' lang='grc' dir='ltr'>ΕΗ</span> <span class='ocrx_word' id='word_1_358' title='bbox 1890 2446 1902 2491; x_wconf 90' lang='grc' dir='ltr'>ΙΙ</span> <span class='ocrx_word' id='word_1_359' title='bbox 1940 2449 1973 2482; x_wconf 90' lang='grc'>9.</span> <span class='ocrx_word' id='word_1_360' title='bbox 1999 2445 2057 2481; x_wconf 85' lang='lat' dir='ltr'>ius</span> 
     </span>
     <span class='ocr_line' id='line_1_35' title="bbox 357 2492 2057 2538; baseline 0.002 -13"><span class='ocrx_word' id='word_1_361' title='bbox 357 2492 590 2535; x_wconf 80' lang='lat' dir='ltr'>officiumque</span> <span class='ocrx_word' id='word_1_362' title='bbox 605 2494 662 2536; x_wconf 88' lang='lat' dir='ltr'>M,</span> <span class='ocrx_word' id='word_1_363' title='bbox 688 2493 766 2527; x_wconf 86' lang='lat' dir='ltr'>eius</span> <span class='ocrx_word' id='word_1_364' title='bbox 793 2494 1029 2538; x_wconf 84' lang='lat' dir='ltr'>officiumque</span> <span class='ocrx_word' id='word_1_365' title='bbox 1046 2495 1130 2529; x_wconf 83' lang='lat' dir='ltr'>FH</span> <span class='ocrx_word' id='word_1_366' title='bbox 1138 2494 1200 2537; x_wconf 68' lang='lat' dir='ltr'>2D,</span> <span class='ocrx_word' id='word_1_367' title='bbox 1227 2493 1307 2528; x_wconf 83' lang='lat' dir='ltr'>eius</span> <span class='ocrx_word' id='word_1_368' title='bbox 1328 2493 1493 2528; x_wconf 84' lang='lat' dir='ltr'>officium</span> <span class='ocrx_word' id='word_1_369' title='bbox 1506 2494 1552 2528; x_wconf 85' lang='lat' dir='ltr'><em>H</em></span> <span class='ocrx_word' id='word_1_370' title='bbox 1555 2494 1564 2515; x_wconf 75' lang='lat'>¹</span> <span class='ocrx_word' id='word_1_371' title='bbox 1583 2495 1594 2537; x_wconf 76' lang='grc' dir='ltr'>ΙΙ</span> <span class='ocrx_word' id='word_1_372' title='bbox 1613 2493 1759 2528; x_wconf 87' lang='lat' dir='ltr'>utinam</span> <span class='ocrx_word' id='word_1_373' title='bbox 1778 2493 1982 2538; x_wconf 85' lang='lat' dir='ltr'>aliquando</span> <span class='ocrx_word' id='word_1_374' title='bbox 2001 2494 2057 2538; x_wconf 83' lang='lat' dir='ltr'>M,</span> 
     </span>
     <span class='ocr_line' id='line_1_36' title="bbox 358 2538 2059 2586; baseline 0.002 -14"><span class='ocrx_word' id='word_1_375' title='bbox 358 2538 557 2582; x_wconf 82' lang='lat' dir='ltr'>aliquando</span> <span class='ocrx_word' id='word_1_376' title='bbox 578 2540 722 2574; x_wconf 86' lang='lat' dir='ltr'>utinam</span> <span class='ocrx_word' id='word_1_377' title='bbox 739 2541 858 2575; x_wconf 84' lang='lat' dir='ltr'>FHD</span> <span class='ocrx_word' id='word_1_378' title='bbox 876 2543 887 2586; x_wconf 79' lang='grc' dir='ltr'>Η</span> <span class='ocrx_word' id='word_1_379' title='bbox 909 2545 961 2575; x_wconf 88' lang='grc'>10.</span> <span class='ocrx_word' id='word_1_380' title='bbox 983 2541 1141 2586; x_wconf 86' lang='lat' dir='ltr'>profecti</span> <span class='ocrx_word' id='word_1_381' title='bbox 1162 2553 1287 2576; x_wconf 87' lang='lat' dir='ltr'>sumus</span> <span class='ocrx_word' id='word_1_382' title='bbox 1305 2541 1435 2586; x_wconf 85' lang='lat' dir='ltr'>FHD,</span> <span class='ocrx_word' id='word_1_383' title='bbox 1454 2540 1748 2586; x_wconf 83' lang='lat' dir='ltr'>profectissimus</span> <span class='ocrx_word' id='word_1_384' title='bbox 1763 2542 1814 2576; x_wconf 87' lang='lat' dir='ltr'>M</span> <span class='ocrx_word' id='word_1_385' title='bbox 1826 2542 1838 2586; x_wconf 79' lang='lat' dir='ltr'>ss</span> <span class='ocrx_word' id='word_1_386' title='bbox 1858 2544 1913 2577; x_wconf 87' lang='lat'>11.</span> <span class='ocrx_word' id='word_1_387' title='bbox 1935 2552 1967 2577; x_wconf 83' lang='lat' dir='ltr'>a.</span> <span class='ocrx_word' id='word_1_388' title='bbox 1982 2540 2016 2576; x_wconf 88' lang='lat' dir='ltr'>d.</span> <span class='ocrx_word' id='word_1_389' title='bbox 2030 2553 2059 2575; x_wconf 78' lang='grc' dir='ltr'><strong>Π</strong></span> 
     </span>
     <span class='ocr_line' id='line_1_37' title="bbox 348 2586 2058 2633; baseline 0.001 -12"><span class='ocrx_word' id='word_1_390' title='bbox 348 2586 523 2621; x_wconf 56' lang='lat' dir='ltr'>Rutilius</span> <span class='ocrx_word' id='word_1_391' title='bbox 548 2588 607 2631; x_wconf 77' lang='lat' dir='ltr'>(cf.</span> <span class='ocrx_word' id='word_1_392' title='bbox 631 2587 718 2622; x_wconf 68' lang='grc'><strong>(1.1.</strong></span> <span class='ocrx_word' id='word_1_393' title='bbox 741 2588 784 2622; x_wconf 89' lang='lat' dir='ltr'>L.</span> <span class='ocrx_word' id='word_1_394' title='bbox 810 2589 836 2632; x_wconf 89' lang='lat' dir='ltr'>I,</span> <span class='ocrx_word' id='word_1_395' title='bbox 866 2592 944 2623; x_wconf 82' lang='lat'>902.</span> <span class='ocrx_word' id='word_1_396' title='bbox 973 2592 1050 2623; x_wconf 79' lang='lat'>979.</span> <span class='ocrx_word' id='word_1_397' title='bbox 1079 2592 1169 2623; x_wconf 84' lang='lat'>1539</span> <span class='ocrx_word' id='word_1_398' title='bbox 1180 2590 1231 2633; x_wconf 82' lang='lat' dir='ltr'>b),</span> <span class='ocrx_word' id='word_1_399' title='bbox 1271 2600 1302 2624; x_wconf 84' lang='lat' dir='ltr'>a.</span> <span class='ocrx_word' id='word_1_400' title='bbox 1330 2589 1365 2624; x_wconf 90' lang='lat' dir='ltr'>d.</span> <span class='ocrx_word' id='word_1_401' title='bbox 1390 2601 1414 2623; x_wconf 87' lang='lat' dir='ltr'>v</span> <span class='ocrx_word' id='word_1_402' title='bbox 1441 2589 1535 2633; x_wconf 51' lang='lat' dir='ltr'>²151«ss</span> <span class='ocrx_word' id='word_1_403' title='bbox 1569 2587 1664 2633; x_wconf 88' lang='lat' dir='ltr'>prid.</span> <span class='ocrx_word' id='word_1_404' title='bbox 1691 2588 1831 2624; x_wconf 67' lang='lat' dir='ltr'>Schutz.</span> <span class='ocrx_word' id='word_1_405' title='bbox 1881 2589 2058 2624; x_wconf 76' lang='lat' dir='ltr'>traditam</span> 
     </span>
     <span class='ocr_line' id='line_1_38' title="bbox 357 2635 2059 2680; baseline 0.002 -12"><span class='ocrx_word' id='word_1_406' title='bbox 357 2635 575 2677; x_wconf 73' lang='lat' dir='ltr'>scripturam</span> <span class='ocrx_word' id='word_1_407' title='bbox 599 2645 680 2668; x_wconf 77' lang='lat' dir='ltr'>cum</span> <span class='ocrx_word' id='word_1_408' title='bbox 705 2635 934 2670; x_wconf 76' lang='lat' dir='ltr'>Rauschew&#39;o</span> <span class='ocrx_word' id='word_1_409' title='bbox 960 2637 1122 2680; x_wconf 59' lang='lat' dir='ltr'>Cepheni.</span> <span class='ocrx_word' id='word_1_410' title='bbox 1153 2637 1262 2671; x_wconf 59' lang='lat' dir='ltr'><em>Tull?</em></span> <span class='ocrx_word' id='word_1_411' title='bbox 1287 2648 1326 2680; x_wconf 71' lang='lat'>1).</span> <span class='ocrx_word' id='word_1_412' title='bbox 1348 2637 1407 2679; x_wconf 82' lang='lat'>26)</span> <span class='ocrx_word' id='word_1_413' title='bbox 1434 2647 1478 2671; x_wconf 60' lang='grc' dir='ltr'>επ</span> <span class='ocrx_word' id='word_1_414' title='bbox 1504 2637 1604 2671; x_wconf 76' lang='lat' dir='ltr'>Plut.</span> <span class='ocrx_word' id='word_1_415' title='bbox 1628 2635 1699 2671; x_wconf 78' lang='lat' dir='ltr'>Oz&#39;e.</span> <span class='ocrx_word' id='word_1_416' title='bbox 1721 2638 1764 2669; x_wconf 84' lang='lat'>32</span> <span class='ocrx_word' id='word_1_417' title='bbox 1791 2636 1937 2679; x_wconf 76' lang='lat' dir='ltr'>defendi</span> <span class='ocrx_word' id='word_1_418' title='bbox 1954 2647 2059 2680; x_wconf 78' lang='lat' dir='ltr'>posse</span> 
     </span>
     <span class='ocr_line' id='line_1_39' title="bbox 358 2681 2059 2727; baseline 0.002 -14"><span class='ocrx_word' id='word_1_419' title='bbox 358 2692 430 2714; x_wconf 68' lang='lat' dir='ltr'>ozon</span> <span class='ocrx_word' id='word_1_420' title='bbox 454 2681 556 2715; x_wconf 73' lang='lat' dir='ltr'>credo</span> <span class='ocrx_word' id='word_1_421' title='bbox 582 2683 593 2724; x_wconf 77' lang='grc' dir='ltr'>Η</span> <span class='ocrx_word' id='word_1_422' title='bbox 617 2682 697 2726; x_wconf 87' lang='lat' dir='ltr'>per]</span> <span class='ocrx_word' id='word_1_423' title='bbox 725 2683 762 2716; x_wconf 89' lang='lat' dir='ltr'>et</span> <span class='ocrx_word' id='word_1_424' title='bbox 786 2693 851 2726; x_wconf 90' lang='lat' dir='ltr'>per</span> <span class='ocrx_word' id='word_1_425' title='bbox 876 2683 922 2717; x_wconf 84' lang='lat' dir='ltr'><em>H</em></span> <span class='ocrx_word' id='word_1_426' title='bbox 947 2686 958 2727; x_wconf 81' lang='grc' dir='ltr'>Η</span> <span class='ocrx_word' id='word_1_427' title='bbox 991 2687 1044 2718; x_wconf 91' lang='lat'>12.</span> <span class='ocrx_word' id='word_1_428' title='bbox 1073 2694 1093 2717; x_wconf 94' lang='grc' dir='ltr'>ο</span> <span class='ocrx_word' id='word_1_429' title='bbox 1121 2683 1302 2717; x_wconf 79' lang='lat' dir='ltr'>afflictum</span> <span class='ocrx_word' id='word_1_430' title='bbox 1338 2685 1395 2727; x_wconf 65' lang='grc' dir='ltr'>(θαι</span> <span class='ocrx_word' id='word_1_431' title='bbox 1421 2682 1614 2717; x_wconf 87' lang='lat' dir='ltr'>omlictum</span> <span class='ocrx_word' id='word_1_432' title='bbox 1639 2682 1715 2727; x_wconf 77' lang='lat' dir='ltr'>Ml)</span> <span class='ocrx_word' id='word_1_433' title='bbox 1743 2683 1842 2726; x_wconf 88' lang='lat' dir='ltr'>MD,</span> <span class='ocrx_word' id='word_1_434' title='bbox 1879 2681 2059 2717; x_wconf 83' lang='lat' dir='ltr'>efflictum</span> 
     </span>
     <span class='ocr_line' id='line_1_40' title="bbox 362 2726 2056 2776; baseline 0.002 -16"><span class='ocrx_word' id='word_1_435' title='bbox 362 2727 443 2761; x_wconf 71' lang='grc' dir='ltr'>ΓΗ</span> <span class='ocrx_word' id='word_1_436' title='bbox 457 2728 468 2771; x_wconf 85' lang='grc' dir='ltr'>ΙΙ</span> <span class='ocrx_word' id='word_1_437' title='bbox 488 2726 577 2771; x_wconf 87' lang='lat' dir='ltr'>quid</span> <span class='ocrx_word' id='word_1_438' title='bbox 602 2728 715 2774; x_wconf 84' lang='lat' dir='ltr'>nuno]</span> <span class='ocrx_word' id='word_1_439' title='bbox 742 2729 832 2773; x_wconf 83' lang='lat' dir='ltr'>quid</span> <span class='ocrx_word' id='word_1_440' title='bbox 858 2729 978 2764; x_wconf 79' lang='lat' dir='ltr'>enim?</span> <span class='ocrx_word' id='word_1_441' title='bbox 1010 2731 1221 2776; x_wconf 69' lang='lat' dir='ltr'>TVesenbery</span> <span class='ocrx_word' id='word_1_442' title='bbox 1241 2732 1252 2775; x_wconf 81' lang='grc' dir='ltr'>Η</span> <span class='ocrx_word' id='word_1_443' title='bbox 1273 2734 1327 2765; x_wconf 83' lang='grc'>12.</span> <span class='ocrx_word' id='word_1_444' title='bbox 1357 2734 1410 2765; x_wconf 88' lang='lat'>13.</span> <span class='ocrx_word' id='word_1_445' title='bbox 1439 2741 1591 2776; x_wconf 82' lang='lat' dir='ltr'>aegram</span> <span class='ocrx_word' id='word_1_446' title='bbox 1617 2732 1654 2764; x_wconf 87' lang='lat' dir='ltr'>et</span> <span class='ocrx_word' id='word_1_447' title='bbox 1673 2730 1767 2774; x_wconf 88' lang='lat' dir='ltr'>MD,</span> <span class='ocrx_word' id='word_1_448' title='bbox 1795 2741 1924 2776; x_wconf 86' lang='lat' dir='ltr'>egram</span> <span class='ocrx_word' id='word_1_449' title='bbox 1949 2731 1988 2764; x_wconf 86' lang='lat' dir='ltr'>et</span> <span class='ocrx_word' id='word_1_450' title='bbox 2005 2729 2056 2774; x_wconf 84' lang='lat' dir='ltr'>H,</span> 
     </span>
     <span class='ocr_line' id='line_1_41' title="bbox 361 2775 2056 2824; baseline 0.003 -17"><span class='ocrx_word' id='word_1_451' title='bbox 361 2784 447 2818; x_wconf 82' lang='lat' dir='ltr'>erga</span> <span class='ocrx_word' id='word_1_452' title='bbox 475 2775 514 2809; x_wconf 87' lang='lat' dir='ltr'><em>F</em></span> <span class='ocrx_word' id='word_1_453' title='bbox 535 2776 546 2818; x_wconf 79' lang='grc' dir='ltr'>Η</span> <span class='ocrx_word' id='word_1_454' title='bbox 573 2779 626 2810; x_wconf 71' lang='lat'>14.</span> <span class='ocrx_word' id='word_1_455' title='bbox 654 2786 736 2810; x_wconf 87' lang='lat' dir='ltr'>eam</span> <span class='ocrx_word' id='word_1_456' title='bbox 763 2777 856 2821; x_wconf 89' lang='lat' dir='ltr'>MD,</span> <span class='ocrx_word' id='word_1_457' title='bbox 882 2788 926 2812; x_wconf 88' lang='lat' dir='ltr'>ea</span> <span class='ocrx_word' id='word_1_458' title='bbox 955 2778 1038 2812; x_wconf 85' lang='lat' dir='ltr'>FH</span> <span class='ocrx_word' id='word_1_459' title='bbox 1052 2780 1063 2822; x_wconf 82' lang='grc' dir='ltr'>ΙΙ</span> <span class='ocrx_word' id='word_1_460' title='bbox 1081 2778 1174 2824; x_wconf 90' lang='lat' dir='ltr'>rem]</span> <span class='ocrx_word' id='word_1_461' title='bbox 1201 2788 1240 2812; x_wconf 86' lang='lat' dir='ltr'>re</span> <span class='ocrx_word' id='word_1_462' title='bbox 1266 2779 1489 2821; x_wconf 70' lang='lat' dir='ltr'>Lambinus,</span> <span class='ocrx_word' id='word_1_463' title='bbox 1519 2777 1660 2812; x_wconf 85' lang='lat' dir='ltr'>Romae</span> <span class='ocrx_word' id='word_1_464' title='bbox 1687 2777 1737 2812; x_wconf 88' lang='lat' dir='ltr'>H.</span> <span class='ocrx_word' id='word_1_465' title='bbox 1758 2779 1804 2812; x_wconf 87' lang='lat' dir='ltr'>A.</span> <span class='ocrx_word' id='word_1_466' title='bbox 1826 2777 1930 2812; x_wconf 83' lang='lat' dir='ltr'>Koch</span> <span class='ocrx_word' id='word_1_467' title='bbox 1954 2778 2056 2821; x_wconf 77' lang='lat' dir='ltr'>(mus.</span> 
     </span>
     <span class='ocr_line' id='line_1_42' title="bbox 360 2820 2058 2869; baseline 0.002 -15"><span class='ocrx_word' id='word_1_468' title='bbox 360 2820 473 2855; x_wconf 66' lang='lat' dir='ltr'>Rhea.</span> <span class='ocrx_word' id='word_1_469' title='bbox 496 2821 561 2855; x_wconf 83' lang='lat' dir='ltr'>XII</span> <span class='ocrx_word' id='word_1_470' title='bbox 582 2834 621 2866; x_wconf 73' lang='lat' dir='ltr'>p.</span> <span class='ocrx_word' id='word_1_471' title='bbox 648 2825 730 2866; x_wconf 81' lang='lat'>269)</span> <span class='ocrx_word' id='word_1_472' title='bbox 756 2827 766 2865; x_wconf 83' lang='grc' dir='ltr'>ΙΙ</span> <span class='ocrx_word' id='word_1_473' title='bbox 793 2827 847 2858; x_wconf 81' lang='lat'>15.</span> <span class='ocrx_word' id='word_1_474' title='bbox 876 2828 930 2859; x_wconf 90' lang='lat'>16.</span> <span class='ocrx_word' id='word_1_475' title='bbox 957 2824 1017 2859; x_wconf 87' lang='lat' dir='ltr'>fac</span> <span class='ocrx_word' id='word_1_476' title='bbox 1043 2825 1092 2858; x_wconf 90' lang='lat' dir='ltr'>ad</span> <span class='ocrx_word' id='word_1_477' title='bbox 1121 2836 1179 2859; x_wconf 89' lang='lat' dir='ltr'>me</span> <span class='ocrx_word' id='word_1_478' title='bbox 1210 2824 1341 2859; x_wconf 88' lang='lat' dir='ltr'>uenias</span> <span class='ocrx_word' id='word_1_479' title='bbox 1367 2825 1406 2859; x_wconf 89' lang='lat' dir='ltr'><em>D</em></span> <span class='ocrx_word' id='word_1_480' title='bbox 1430 2826 1442 2869; x_wconf 77' lang='grc' dir='ltr'>ΙΙ</span> <span class='ocrx_word' id='word_1_481' title='bbox 1469 2828 1523 2860; x_wconf 83' lang='lat'>16.</span> <span class='ocrx_word' id='word_1_482' title='bbox 1550 2824 1680 2859; x_wconf 88' lang='lat' dir='ltr'>uideor</span> <span class='ocrx_word' id='word_1_483' title='bbox 1708 2824 1749 2860; x_wconf 84' lang='lat' dir='ltr'><em>F</em></span> <span class='ocrx_word' id='word_1_484' title='bbox 1769 2825 1781 2869; x_wconf 83' lang='grc' dir='ltr'>ΙΙ</span> <span class='ocrx_word' id='word_1_485' title='bbox 1808 2828 1861 2859; x_wconf 85' lang='grc'>17.</span> <span class='ocrx_word' id='word_1_486' title='bbox 1887 2823 2058 2858; x_wconf 82' lang='lat' dir='ltr'>tulliolae</span> 
     </span>
     <span class='ocr_line' id='line_1_43' title="bbox 362 2869 2056 2917; baseline 0.002 -16"><span class='ocrx_word' id='word_1_487' title='bbox 362 2878 464 2901; x_wconf 88' lang='lat' dir='ltr'>meae</span> <span class='ocrx_word' id='word_1_488' title='bbox 492 2869 531 2903; x_wconf 89' lang='lat' dir='ltr'><em>F</em></span> <span class='ocrx_word' id='word_1_489' title='bbox 559 2870 570 2913; x_wconf 78' lang='grc' dir='ltr'>Η</span> <span class='ocrx_word' id='word_1_490' title='bbox 603 2874 657 2904; x_wconf 71' lang='grc'>18.</span> <span class='ocrx_word' id='word_1_491' title='bbox 685 2870 782 2916; x_wconf 86' lang='lat' dir='ltr'>dest]</span> <span class='ocrx_word' id='word_1_492' title='bbox 810 2873 867 2905; x_wconf 86' lang='lat' dir='ltr'>est</span> <span class='ocrx_word' id='word_1_493' title='bbox 891 2872 952 2914; x_wconf 88' lang='lat' dir='ltr'>M,</span> <span class='ocrx_word' id='word_1_494' title='bbox 980 2872 1085 2906; x_wconf 86' lang='lat' dir='ltr'>deest</span> <span class='ocrx_word' id='word_1_495' title='bbox 1112 2872 1231 2907; x_wconf 86' lang='lat' dir='ltr'>FHD</span> <span class='ocrx_word' id='word_1_496' title='bbox 1250 2874 1260 2916; x_wconf 88' lang='grc' dir='ltr'>ΙΙ</span> <span class='ocrx_word' id='word_1_497' title='bbox 1280 2882 1336 2906; x_wconf 88' lang='lat' dir='ltr'>res</span> <span class='ocrx_word' id='word_1_498' title='bbox 1365 2883 1403 2907; x_wconf 89' lang='lat' dir='ltr'>se</span> <span class='ocrx_word' id='word_1_499' title='bbox 1429 2871 1586 2906; x_wconf 90' lang='lat' dir='ltr'>habebit</span> <span class='ocrx_word' id='word_1_500' title='bbox 1610 2871 1649 2906; x_wconf 90' lang='lat' dir='ltr'><em>D</em></span> <span class='ocrx_word' id='word_1_501' title='bbox 1679 2872 1690 2916; x_wconf 90' lang='grc' dir='ltr'>ΙΙ</span> <span class='ocrx_word' id='word_1_502' title='bbox 1723 2874 1777 2906; x_wconf 81' lang='grc'>19.</span> <span class='ocrx_word' id='word_1_503' title='bbox 1803 2869 2056 2917; x_wconf 85' lang='lat' dir='ltr'>matrimonio]</span> 
     </span>
     <span class='ocr_line' id='line_1_44' title="bbox 364 2914 2058 2964; baseline 0.003 -17"><span class='ocrx_word' id='word_1_504' title='bbox 364 2914 585 2957; x_wconf 81' lang='lat' dir='ltr'>patrimonio</span> <span class='ocrx_word' id='word_1_505' title='bbox 612 2917 711 2952; x_wconf 76' lang='lat' dir='ltr'>Koch</span> <span class='ocrx_word' id='word_1_506' title='bbox 740 2918 761 2952; x_wconf 82' lang='lat' dir='ltr'>l.</span> <span class='ocrx_word' id='word_1_507' title='bbox 783 2929 824 2961; x_wconf 76' lang='grc'>6.,</span> <span class='ocrx_word' id='word_1_508' title='bbox 850 2920 990 2953; x_wconf 51' lang='lat' dir='ltr'>¹iniuria</span> <span class='ocrx_word' id='word_1_509' title='bbox 1010 2920 1021 2963; x_wconf 81' lang='grc' dir='ltr'>Η</span> <span class='ocrx_word' id='word_1_510' title='bbox 1041 2919 1132 2963; x_wconf 88' lang='lat' dir='ltr'>quid</span> <span class='ocrx_word' id='word_1_511' title='bbox 1158 2919 1276 2954; x_wconf 83' lang='lat' dir='ltr'>cicero</span> <span class='ocrx_word' id='word_1_512' title='bbox 1301 2919 1396 2962; x_wconf 84' lang='lat' dir='ltr'>MD,</span> <span class='ocrx_word' id='word_1_513' title='bbox 1422 2919 1542 2954; x_wconf 82' lang='lat' dir='ltr'>cicero</span> <span class='ocrx_word' id='word_1_514' title='bbox 1572 2918 1756 2964; x_wconf 69' lang='lat' dir='ltr'>FH1120.</span> <span class='ocrx_word' id='word_1_515' title='bbox 1783 2921 1836 2952; x_wconf 91' lang='lat'>21.</span> <span class='ocrx_word' id='word_1_516' title='bbox 1863 2928 1938 2952; x_wconf 90' lang='lat' dir='ltr'>non</span> <span class='ocrx_word' id='word_1_517' title='bbox 1962 2928 2058 2962; x_wconf 86' lang='lat' dir='ltr'>queo</span> 
     </span>
     <span class='ocr_line' id='line_1_45' title="bbox 362 2960 2058 3011; baseline 0.003 -18"><span class='ocrx_word' id='word_1_518' title='bbox 362 2960 467 3003; x_wconf 87' lang='lat' dir='ltr'>plura</span> <span class='ocrx_word' id='word_1_519' title='bbox 491 2962 586 3006; x_wconf 82' lang='lat' dir='ltr'>MD,</span> <span class='ocrx_word' id='word_1_520' title='bbox 611 2963 719 3008; x_wconf 85' lang='lat' dir='ltr'>plura</span> <span class='ocrx_word' id='word_1_521' title='bbox 744 2975 817 2999; x_wconf 90' lang='lat' dir='ltr'>non</span> <span class='ocrx_word' id='word_1_522' title='bbox 844 2976 937 3008; x_wconf 87' lang='lat' dir='ltr'>queo</span> <span class='ocrx_word' id='word_1_523' title='bbox 967 2966 1050 3000; x_wconf 70' lang='grc' dir='ltr'>ΓΗ</span> <span class='ocrx_word' id='word_1_524' title='bbox 1076 2968 1088 3011; x_wconf 81' lang='grc' dir='ltr'>Η</span> <span class='ocrx_word' id='word_1_525' title='bbox 1119 2970 1174 3001; x_wconf 91' lang='lat'>21.</span> <span class='ocrx_word' id='word_1_526' title='bbox 1200 2966 1278 3000; x_wconf 88' lang='lat' dir='ltr'>iam</span> <span class='ocrx_word' id='word_1_527' title='bbox 1305 2966 1434 3009; x_wconf 82' lang='lat' dir='ltr'>FHD,</span> <span class='ocrx_word' id='word_1_528' title='bbox 1461 2966 1538 3000; x_wconf 89' lang='lat' dir='ltr'>lam</span> <span class='ocrx_word' id='word_1_529' title='bbox 1563 2965 1614 3000; x_wconf 90' lang='lat' dir='ltr'>M</span> <span class='ocrx_word' id='word_1_530' title='bbox 1637 2967 1649 3009; x_wconf 84' lang='grc' dir='ltr'>ΙΙ</span> <span class='ocrx_word' id='word_1_531' title='bbox 1680 2968 1735 2999; x_wconf 83' lang='lat'>23.</span> <span class='ocrx_word' id='word_1_532' title='bbox 1761 2963 1938 3010; x_wconf 85' lang='lat' dir='ltr'>liberata]</span> <span class='ocrx_word' id='word_1_533' title='bbox 1964 2964 2058 2999; x_wconf 88' lang='lat' dir='ltr'>libe—</span> 
     </span>
     <span class='ocr_line' id='line_1_46' title="bbox 363 3008 2058 3057; baseline 0.005 -18"><span class='ocrx_word' id='word_1_534' title='bbox 363 3008 479 3041; x_wconf 84' lang='lat' dir='ltr'>randa</span> <span class='ocrx_word' id='word_1_535' title='bbox 504 3010 587 3043; x_wconf 75' lang='lat' dir='ltr'>olim</span> <span class='ocrx_word' id='word_1_536' title='bbox 617 3010 740 3053; x_wconf 76' lang='lat' dir='ltr'>Orelli,</span> <span class='ocrx_word' id='word_1_537' title='bbox 760 3024 951 3056; x_wconf 39' lang='lat' dir='ltr'>petpevram</span> <span class='ocrx_word' id='word_1_538' title='bbox 970 3014 980 3054; x_wconf 86' lang='grc' dir='ltr'>ΙΙ</span> <span class='ocrx_word' id='word_1_539' title='bbox 1001 3017 1056 3047; x_wconf 75' lang='lat'>24.</span> <span class='ocrx_word' id='word_1_540' title='bbox 1084 3015 1140 3047; x_wconf 87' lang='lat' dir='ltr'>est</span> <span class='ocrx_word' id='word_1_541' title='bbox 1165 3014 1260 3057; x_wconf 81' lang='lat' dir='ltr'>MD,</span> <span class='ocrx_word' id='word_1_542' title='bbox 1286 3025 1352 3048; x_wconf 85' lang='lat' dir='ltr'>om.</span> <span class='ocrx_word' id='word_1_543' title='bbox 1382 3013 1466 3048; x_wconf 82' lang='lat' dir='ltr'>FH</span> <span class='ocrx_word' id='word_1_544' title='bbox 1479 3015 1491 3057; x_wconf 81' lang='grc' dir='ltr'>ΙΙ</span> <span class='ocrx_word' id='word_1_545' title='bbox 1510 3015 1565 3047; x_wconf 85' lang='lat'>25.</span> <span class='ocrx_word' id='word_1_546' title='bbox 1593 3012 1749 3056; x_wconf 82' lang='lat' dir='ltr'>quisque</span> <span class='ocrx_word' id='word_1_547' title='bbox 1767 3011 1863 3055; x_wconf 94' lang='lat' dir='ltr'>MD,</span> <span class='ocrx_word' id='word_1_548' title='bbox 1889 3010 2058 3056; x_wconf 81' lang='lat' dir='ltr'>quisquis</span> 
     </span>
     <span class='ocr_line' id='line_1_47' title="bbox 367 3053 2058 3104; baseline 0.005 -17"><span class='ocrx_word' id='word_1_549' title='bbox 367 3053 448 3087; x_wconf 66' lang='grc' dir='ltr'>ΕΗ</span> <span class='ocrx_word' id='word_1_550' title='bbox 463 3056 474 3097; x_wconf 79' lang='grc' dir='ltr'><strong>Η</strong></span> <span class='ocrx_word' id='word_1_551' title='bbox 492 3056 642 3090; x_wconf 86' lang='lat' dir='ltr'>meritus</span> <span class='ocrx_word' id='word_1_552' title='bbox 669 3059 722 3100; x_wconf 81' lang='lat' dir='ltr'>M,</span> <span class='ocrx_word' id='word_1_553' title='bbox 749 3059 904 3093; x_wconf 78' lang='lat' dir='ltr'>maritus</span> <span class='ocrx_word' id='word_1_554' title='bbox 933 3060 1052 3094; x_wconf 72' lang='grc' dir='ltr'>ΓΗΖ)</span> <span class='ocrx_word' id='word_1_555' title='bbox 1071 3063 1081 3103; x_wconf 80' lang='grc' dir='ltr'>Η</span> <span class='ocrx_word' id='word_1_556' title='bbox 1102 3063 1156 3095; x_wconf 84' lang='lat'>26.</span> <span class='ocrx_word' id='word_1_557' title='bbox 1183 3071 1319 3104; x_wconf 84' lang='lat' dir='ltr'>magno</span> <span class='ocrx_word' id='word_1_558' title='bbox 1345 3071 1455 3104; x_wconf 85' lang='lat' dir='ltr'>opere</span> <span class='ocrx_word' id='word_1_559' title='bbox 1482 3072 1501 3097; x_wconf 81' lang='grc' dir='ltr'>ς</span> <span class='ocrx_word' id='word_1_560' title='bbox 1521 3061 1532 3104; x_wconf 78' lang='grc' dir='ltr'><strong>Η</strong></span> <span class='ocrx_word' id='word_1_561' title='bbox 1561 3062 1615 3094; x_wconf 91' lang='lat'>27.</span> <span class='ocrx_word' id='word_1_562' title='bbox 1643 3058 1785 3093; x_wconf 86' lang='lat' dir='ltr'>abisset</span> <span class='ocrx_word' id='word_1_563' title='bbox 1809 3059 1947 3095; x_wconf 80' lang='lat' dir='ltr'>amicus</span> <span class='ocrx_word' id='word_1_564' title='bbox 1978 3060 2058 3104; x_wconf 77' lang='lat' dir='ltr'><strong><em>qui-</em></strong></span> 
     </span>
     <span class='ocr_line' id='line_1_48' title="bbox 366 3100 1895 3153; baseline 0.007 -21"><span class='ocrx_word' id='word_1_565' title='bbox 366 3100 448 3134; x_wconf 77' lang='lat' dir='ltr'>dam</span> <span class='ocrx_word' id='word_1_566' title='bbox 474 3102 656 3146; x_wconf 70' lang='lat' dir='ltr'>Lambini,</span> <span class='ocrx_word' id='word_1_567' title='bbox 683 3105 831 3139; x_wconf 84' lang='lat' dir='ltr'>abesset</span> <span class='ocrx_word' id='word_1_568' title='bbox 859 3107 938 3140; x_wconf 71' lang='grc' dir='ltr'>ΨΓ</span> <span class='ocrx_word' id='word_1_569' title='bbox 954 3108 966 3151; x_wconf 76' lang='grc' dir='ltr'>Η</span> <span class='ocrx_word' id='word_1_570' title='bbox 986 3110 1040 3141; x_wconf 74' lang='lat'>28.</span> <span class='ocrx_word' id='word_1_571' title='bbox 1067 3107 1310 3153; x_wconf 85' lang='lat' dir='ltr'>pertinerent]</span> <span class='ocrx_word' id='word_1_572' title='bbox 1336 3106 1540 3151; x_wconf 82' lang='lat' dir='ltr'>pertineret</span> <span class='ocrx_word' id='word_1_573' title='bbox 1562 3106 1594 3141; x_wconf 90' lang='lat' dir='ltr'>I.</span> <span class='ocrx_word' id='word_1_574' title='bbox 1619 3106 1665 3142; x_wconf 83' lang='lat' dir='ltr'>F.</span> <span class='ocrx_word' id='word_1_575' title='bbox 1689 3106 1895 3142; x_wconf 76' lang='lat' dir='ltr'>Gronovius</span> 
     </span>
    </p>
   </div>
   <div class='ocr_carea' id='block_1_5' title="bbox 2181 261 2242 3496">
    <p class='ocr_par' dir='ltr' id='par_1_5' title="bbox 2181 261 2242 3496">
     <span class='ocr_line' id='line_1_49' title="bbox 2181 261 2242 3496; baseline 0 0"><span class='ocrx_word' id='word_1_576' title='bbox 2181 261 2242 3496; x_wconf 95' lang='lat' dir='ltr'> </span> 
     </span>
    </p>
   </div>
  </div>
 </body>
</html>
