2242 3542
831 220 1097 253 1‘1tA1‹2}‹'A'1·1o
1724 221 1819 255 XXV

126 328 299 383 quidem
338 328 446 369 liber
484 328 593 368 unde
634 328 919 382 transcriptus
958 332 1023 370 est
1055 328 1112 382 D,
1155 328 1273 370 illinc
1311 327 1453 370 divelli
1494 332 1656 382 potest:
1702 333 1822 370 tanta

125 413 294 441 summa
317 399 359 440 in
387 413 430 440 re
460 399 570 440 inter
592 398 666 440 FH
688 402 730 441 et
751 398 788 440 D
810 399 1039 440 intercedit
1066 399 1315 441 similitudo.
1366 400 1510 454 itaque
1538 400 1619 441 hoc
1646 415 1820 454 prorsus

125 470 226 512 licet
258 470 484 511 adfirmare
517 470 648 511 fuisse
682 471 783 512 olim
824 470 1031 511 librorum
1059 470 1287 511 IX—-XVI
1327 470 1567 525 exemplum
1607 471 1821 525 quoddam

125 538 230 596 (Y),
268 540 377 581 unde
409 540 551 582 varios
586 556 660 606 per
692 555 833 582 ramos
867 541 1164 582 descenderint
1201 541 1237 582 ei
1273 542 1344 595 qui
1378 555 1462 582 non
1495 541 1583 582 sint
1621 542 1736 582 ducti
1772 557 1820 583 cx
1842 549 1878 582 Y

126 610 316 653 Mediceo
350 611 528 653 codices.
586 614 691 666 quot
725 615 867 653 tamen
900 612 1019 653 illinc
1052 611 1232 652 derivati
1266 611 1426 653 fuerint
1458 613 1623 654 codices
1654 611 1821 668 ignora-

125 697 236 724 mus:
270 685 387 723 certa
418 697 548 724 causa
580 685 646 723 est
678 682 797 723 FHD
830 685 873 724 et
906 682 1179 724 Cratandrini
1220 683 1404 737 antiqui,
1442 683 1477 724 si
1518 683 1688 737 quidem
1722 698 1821 724 vera

124 752 215 795 eius
248 756 314 794 est
346 756 558 806 vetustas,
591 754 754 794 incerta
786 753 879 794 folii
916 753 1287 806 Heilbronnensis,
1321 754 1479 795 codicis
1513 752 1689 807 Cusani,
1722 754 1821 795 libri

124 839 207 878 quo
246 839 348 865 usus
387 827 454 865 est
490 823 673 865 Ioannes
708 823 1063 877 saresberiensis3
1107 824 1288 878 denique
1329 824 1513 866 fortasse
1553 824 1666 866 aliud
1706 824 1823 866 illius

125 894 274 949 stirpis
307 895 420 936 sumi
452 909 576 948 posse
610 895 851 949 exemplum
886 895 1000 949 quod
1033 894 1216 936 mixtum
1246 899 1398 949 postea
1425 911 1521 937 cum
1548 895 1591 936 M
1619 897 1824 937 contami-

124 964 216 1007 nati
260 965 481 1007 cuiusdam
533 965 726 1006 codicum
778 965 946 1020 generis
998 964 1191 1006 extiterit
1242 966 1385 1020 origo,
1436 980 1533 1007 mox
1588 967 1824 1008 videbimus

123 1034 180 1092 (v.
212 1051 251 1091 p.
278 1034 454 1091 XXVI).

243 1107 395 1161 quodsi
429 1107 479 1148 de
519 1107 614 1161 ipso
648 1107 685 1148 Y
718 1122 804 1149 non
843 1107 1108 1161 dubitamus,
1146 1122 1223 1149 nec
1262 1108 1427 1162 prolem
1467 1108 1557 1149 eius
1595 1123 1823 1167 possumus

126 1193 298 1220 omnem
342 1178 517 1219 definire
561 1193 638 1220 nec
683 1178 870 1232 patriam
916 1182 991 1220 aut
1033 1181 1231 1220 aetatem.
1295 1179 1519 1233 aequalem
1558 1178 1749 1221 Mediceo
1788 1180 1824 1221 si

125 1250 221 1304 quis
259 1249 416 1291 dixerit
456 1263 541 1290 non
581 1249 778 1303 equidem
816 1250 1086 1305 repugnabo,
1130 1264 1206 1291 nec
1246 1250 1280 1290 si
1320 1250 1415 1304 quis
1453 1253 1559 1291 natu
1599 1250 1824 1292 minorem:

126 1321 332 1362 maiorem
375 1323 519 1361 tamen
558 1335 643 1362 non
683 1320 807 1362 facile
846 1321 1020 1374 putabo.
1078 1320 1232 1361 aetatis
1272 1321 1406 1376 igitur
1444 1324 1590 1362 utrum
1622 1320 1666 1362 M
1700 1336 1754 1362 an
1786 1321 1825 1362 Y

124 1391 288 1433 dandus
322 1391 380 1432 sit
412 1391 678 1445 principatus
713 1406 809 1433 cum
842 1391 1071 1433 obscurum
1105 1391 1174 1445 sit,
1206 1394 1342 1432 restat
1374 1394 1422 1432 ut
1455 1378 1710 1446 quaeramus
1737 1393 1825 1434 utri

124 1463 313 1504 nobilior
345 1462 482 1504 multo
515 1462 659 1516 palma
692 1463 897 1503 debeatur
929 1462 1233 1517 praestantiae.

243 1533 328 1574 iam
361 1547 458 1574 cum
491 1532 534 1574 M
568 1535 685 1574 extet
716 1533 819 1587 ipse,
856 1532 894 1573 Y
927 1532 1247 1586 componendus
1280 1533 1338 1573 sit
1370 1547 1420 1573 ex
1452 1532 1573 1573 FHD
1606 1558 1662 1562 —-
1696 1534 1824 1575 mitto

124 1619 235 1645 nunc
268 1603 501 1658 particulas
535 1603 637 1644 alibi
671 1606 862 1645 servatas
889 1628 958 1656 —,
989 1603 1264 1658 perspicuum
1297 1607 1363 1644 est
1390 1618 1486 1645 cum
1513 1603 1558 1644 M
1584 1619 1671 1645 non
1696 1619 1824 1659 posse

126 1675 324 1716 contendi
365 1674 448 1715 nisi
488 1689 537 1715 ea
575 1689 683 1728 quae
722 1674 909 1715 habeant
951 1677 994 1715 et
1031 1673 1109 1715 FH
1149 1677 1192 1714 et
1230 1673 1287 1728 D,
1333 1675 1689 1729 coniecturaeque
1729 1675 1824 1717 loco

123 1745 361 1788 ducendum
393 1760 471 1787 nec
503 1744 542 1786 Y
575 1745 875 1787 ascribendum
903 1745 939 1786 si
966 1745 1066 1799 quid
1095 1744 1312 1800 singulare
1341 1746 1385 1786 in
1409 1760 1495 1787 uno
1522 1748 1640 1787 extet
1667 1745 1824 1788 codice.

124 1819 387 1870 quapropter
417 1818 590 1870 praeter
623 1816 960 1871 orthographica
986 1815 1228 1871 singulares
1254 1815 1414 1857 multas
1442 1816 1653 1857 eiusmodi
1680 1816 1825 1857 lectio-

123 1901 198 1929 nes
240 1887 379 1928 sciens
419 1887 544 1928 omisi
583 1889 734 1941 utpote
773 1887 825 1927 ad
865 1886 903 1927 Y
941 1886 1262 1927 restitutionem
1306 1900 1392 1928 non
1435 1886 1661 1939 facientes,
1706 1889 1749 1928 et
1789 1887 1824 1927 si

124 1971 229 2012 quas
262 1957 390 1998 attuli
417 1981 474 1987 —
500 1972 551 1999 ex
583 1957 624 1998 H
656 1957 853 2009 maxime,
886 1959 1035 2012 utpote
1067 1957 1180 1998 libro
1208 1960 1379 1999 vetusto
1406 1982 1474 2011 ——,
1506 1958 1590 1999 feci
1621 1972 1707 1999 non
1740 1972 1824 2012 quo

122 2028 252 2069 utiles
286 2028 522 2070 arbitrarer
548 2029 620 2070 sed
646 2031 696 2069 ut
721 2043 788 2070 res
817 2031 914 2069 ante
941 2028 1089 2069 oculos
1116 2032 1361 2082 poneretur.
1413 2028 1664 2070 restitutum
1690 2028 1826 2084 igitur

124 2113 174 2140 ex
205 2097 327 2140 FHD
360 2099 555 2141 codicum
587 2113 796 2142 consensu
830 2098 867 2139 Y
909 2099 945 2140 si
982 2113 1283 2153 comparamus
1323 2114 1418 2140 cum
1454 2098 1516 2152 M,
1555 2099 1599 2140 in
1637 2114 1727 2140 rem
1765 2099 1825 2139 in-

124 2169 304 2212 cidimus
351 2170 490 2211 variae
536 2169 821 2212 dubitationis
866 2170 1048 2224 plenam.
1117 2185 1201 2211 una
1242 2169 1355 2229 enim
1395 2185 1444 2210 ex
1482 2173 1604 2224 parte
1647 2170 1825 2211 dubium

122 2255 208 2282 non
235 2243 302 2283 est
327 2241 431 2295 quin
455 2241 627 2296 possint
653 2256 703 2282 ex
724 2240 763 2282 Y
791 2244 834 2282 et
861 2241 1010 2282 sarciri
1032 2240 1211 2282 Medicei
1238 2241 1415 2282 lacunae
1441 2241 1555 2282 haud
1582 2255 1741 2295 paucae
1769 2265 1823 2269 —

123 2311 242 2353 velut
269 2311 340 2366 lX,
369 2311 436 2366 15,
464 2313 507 2367 1;
542 2313 606 2366 16,
635 2313 678 2367 73
708 2311 759 2365 X,
788 2312 855 2366 18,
881 2313 924 2366 23
958 2312 1027 2366 23,
1053 2312 1097 2366 ὃς
1128 2311 1201 2364 XI,
1234 2312 1297 2365 13,
1330 2313 1367 2363 13
1407 2311 1502 2365 XII,
1534 2313 1598 2366 14,
1625 2313 1668 2366 33
1706 2311 1824 2365 XIII,

123 2383 192 2436 28,
217 2383 263 2435 33
296 2382 390 2437 XV,
416 2384 454 2436 2,
481 2383 508 2424 5
537 2407 586 2411 »-
618 2386 660 2424 et
693 2383 929 2424 multorum
961 2383 1155 2424 locorum
1182 2381 1396 2436 scriptura
1422 2383 1580 2436 partim
1608 2382 1824 2424 emendari

125 2453 284 2506 partim
329 2453 488 2495 iustam
527 2454 572 2494 in
611 2453 899 2508 suspicionem
940 2452 1094 2495 vocari.
1159 2467 1266 2507 quae
1306 2467 1401 2494 cum
1441 2453 1503 2494 ita
1542 2468 1585 2494 se
1623 2452 1825 2506 habeant,

125 2525 268 2564 actum
299 2524 433 2569 videri
466 2524 606 2578 possit
637 2525 687 2565 de
717 2523 897 2566 Medicei
930 2524 1189 2578 principatu.
1245 2538 1393 2564 verum
1421 2523 1534 2564 enim
1561 2538 1660 2564 vero
1689 2524 1825 2564 altera

125 2607 175 2633 ex
208 2596 329 2646 parte
362 2593 406 2634 in
436 2594 469 2634 Y
498 2598 598 2635 sunt
630 2597 673 2635 et
704 2595 882 2636 lacunae
915 2595 1072 2649 quibus
1105 2594 1326 2648 explendis
1358 2608 1468 2634 unus
1503 2593 1697 2635 adhiberi
1729 2609 1824 2649 pos-

126 2664 183 2704 sit
209 2662 254 2704 M
282 2688 336 2693 ——-
364 2664 482 2705 velut
510 2665 560 2719 X,
585 2666 653 2718 32,
679 2667 724 2719 4;
757 2665 850 2719 XII,
877 2667 916 2717 4,
948 2668 987 2719 13
1020 2666 1093 2718 26,
1121 2667 1165 2718 2;
1197 2663 1321 2718 XIII,
1351 2665 1386 2717 7,
1419 2665 1524 2719 1.4;
1559 2664 1652 2719 XV,
1678 2666 1823 2719 4,14;

125 2734 246 2788 XVI,
277 2736 346 2787 15,
373 2736 400 2775 2
433 2759 488 2764 —-
528 2738 572 2775 et
615 2735 783 2790 amplus
828 2736 1046 2778 variorum
1088 2735 1294 2776 vitiorum
1337 2750 1541 2776 numerus
1587 2750 1693 2789 quae
1739 2749 1824 2776 non

125 2808 402 2860 compareant
434 2804 474 2845 in
510 2804 564 2846 M.
623 2806 708 2846 iam
740 2821 836 2848 cum
872 2809 1033 2847 restent
1066 2805 1148 2846 loci
1183 2805 1295 2846 haud
1327 2805 1452 2860 pauci
1486 2805 1558 2859 qui
1590 2809 1633 2846 et
1659 2806 1823 2846 diverse

124 2876 354 2931 utrobique
387 2875 645 2917 conformati
678 2876 766 2917 sint
798 2879 841 2916 et
873 2876 934 2917 ita
968 2875 1203 2930 comparati
1237 2878 1284 2917 ut
1318 2890 1392 2930 per
1419 2890 1462 2916 se
1489 2877 1682 2930 spectata
1709 2878 1752 2917 et
1779 2875 1822 2916 M

126 2947 341 3001 scriptura
371 2947 512 3001 possit
545 2946 714 2987 admitti
742 2949 785 2987 et
811 2945 861 2999 Y,
894 2946 1088 3000 equidem
1117 2946 1244 2988 rebus
1272 2947 1473 2988 omnibus
1501 2961 1608 2999 quae
1636 2961 1823 2988 momen-

122 3020 215 3058 tum
253 3017 417 3059 faciant
458 3032 582 3071 saepe
627 3017 876 3071 ponderatis
916 3031 965 3058 eo
1004 3017 1212 3059 adductus
1257 3032 1351 3058 sum
1390 3020 1439 3057 ut
1477 3015 1606 3057 dubia
1644 3017 1716 3058 ubi
1755 3032 1822 3058 res

126 3090 241 3129 esset
261 3090 305 3129 et
325 3088 501 3143 incerta,
527 3088 583 3142 M,
610 3091 797 3129 veterem
818 3087 979 3140 ducem,
1005 3087 1123 3141 sequi
1144 3088 1317 3129 mallem
1339 3102 1466 3142 quam
1490 3087 1537 3127 Y.
1577 3087 1638 3128 sic
1657 3087 1819 3129 factum

124 3160 174 3198 ut
205 3158 341 3199 altera
373 3172 542 3213 quoque
573 3173 687 3213 pars,
719 3156 914 3212 quamvis
947 3171 1073 3212 saepe
1099 3159 1326 3200 emendata
1353 3172 1403 3199 ex
1430 3156 1480 3211 Y,
1513 3171 1681 3199 summa
1708 3159 1751 3199 in
1778 3174 1820 3200 re
