2242 3496
263 12 270 17 .
292 0 430 25 &aar

692 213 1022 250 EPIS'I'VLARVM
1055 217 1095 251 ll.
1127 222 1176 252 10.
1210 222 1258 252 ll.
1291 222 1341 253 12,
1798 223 1852 261 311

160 322 211 363 (16
243 320 476 376 provinciis
508 319 778 364 decernatur:
822 323 976 366 mirum
1010 340 1075 366 me
1108 325 1365 368 desiderium
1398 329 1515 368 tenet
1547 328 1685 382 urbis,
1725 330 1853 371 incre-

160 391 290 433 dibile
323 405 516 433 meorum
549 394 675 446 atque
710 393 751 434 in
784 394 934 447 primis
975 395 1054 448 tui,
1098 397 1274 438 satietas
1313 400 1455 438 autem
1489 398 1750 452 provinciae,
1789 401 1849 439 vel

161 461 262 517 quia
287 461 480 503 videmur
513 476 606 503 eam
639 462 797 504 famam
825 467 1054 519 consecuti,
1087 471 1133 507 ut
1166 483 1250 508 non
1284 471 1372 508 tam
1399 468 1584 510 accessio
1613 471 1851 523 quaerenda

158 547 287 587 quam
330 532 505 574 fortuna
549 534 777 574 metuenda
821 535 898 587 sit,
950 536 1014 576 vel
1061 538 1159 590 quia
1204 541 1342 579 totum
1392 539 1614 593 negotium
1659 553 1743 580 non
1789 545 1850 580 cst

123 602 336 659 sdignum
374 602 539 644 viribus
577 603 757 656 nostris,
801 605 873 658 qui
913 606 1075 647 maiora
1113 622 1242 648 onera
1274 608 1315 648 in
1348 623 1392 648 re
1431 609 1604 662 publica
1641 610 1850 651 sustinere

158 676 202 715 et
231 673 396 728 possim
434 675 478 714 et
515 672 697 727 soleam,
738 674 803 714 vel
843 675 942 728 quia
974 676 1075 716 belli
1115 678 1259 731 magni
1299 678 1429 719 timor
1468 679 1700 734 impendet,
1739 682 1850 734 quod

159 743 353 786 videmur
383 744 582 799 effligere,
615 744 651 785 si
685 744 735 785 ad
770 745 1051 787 constitutam
1084 747 1194 788 diem
1227 748 1487 790 decedemus.
1537 750 1587 792 de
1617 750 1852 805 pantheris,

158 829 236 870 per
266 829 351 870 eos,
384 815 458 869 qui
484 814 630 856 venari
657 814 810 868 solent,
844 815 988 870 agitur
1014 818 1218 858 mandatu
1245 833 1338 859 meo
1366 819 1613 875 diligenter,
1645 822 1717 862 sed
1744 821 1852 862 mira

157 885 353 940 paucitas
392 888 459 927 est
491 888 534 926 et
566 899 655 939 eas,
694 900 802 940 quae
836 890 954 940 sunt,
995 888 1116 929 valde
1156 889 1276 930 aiunt
1309 890 1445 942 queri,
1485 892 1596 944 quod
1627 891 1733 932 nihil
1768 892 1851 933 cui-

106 970 139 996 ιο
159 971 288 1011 quam
319 956 574 998 insidiarum
606 955 651 997 in
684 970 778 997 mea
810 956 1030 1010 provincia
1054 958 1138 999 nisi
1165 959 1247 1000 sibi
1279 959 1372 1014 fiat3
1404 960 1547 1014 itaque
1576 962 1850 1003 constituisse

158 1027 360 1070 dicuntur
391 1027 436 1068 in
461 1024 633 1068 Cariam
665 1042 716 1068 ex
747 1030 897 1069 nostra
928 1028 1148 1083 provincia
1175 1030 1385 1071 decedere.
1434 1031 1505 1071 sed
1534 1035 1677 1073 tamen
1703 1032 1849 1073 sedulo

157 1098 220 1152 fit,
252 1100 296 1139 et
326 1097 369 1139 in
401 1097 552 1152 primis
585 1112 610 1139 a
640 1097 831 1140 Patisco:
865 1098 1068 1153 quicquid
1101 1100 1198 1153 erit,
1231 1100 1312 1141 tibi
1345 1100 1443 1151 erit,
1477 1102 1560 1156 sed,
1593 1102 1693 1157 quid
1726 1106 1850 1157 esset,

157 1168 284 1223 plane
321 1167 629 1210 nesciebamus.
681 1168 787 1209 mihi
827 1169 1012 1210 mercule
1050 1184 1229 1224 magnae
1264 1185 1387 1212 curae
1427 1174 1492 1212 est
1532 1172 1725 1214 aedilitas
1759 1176 1850 1214 tua:

158 1238 250 1293 ipse
282 1238 372 1280 dies
405 1253 473 1280 me
506 1238 782 1293 admonebat,
817 1239 970 1294 scripsi
1003 1240 1115 1281 enim
1148 1240 1251 1282 haec
1285 1241 1389 1295 ipsis
1422 1241 1752 1297 Megalensibus.
1803 1247 1848 1284 tu

106 1323 139 1348 15
158 1308 287 1351 velim
325 1309 378 1350 ad
410 1323 477 1351 me
509 1309 559 1350 de
593 1309 710 1351 omni
742 1310 803 1350 rei
835 1310 1032 1364 publicae
1073 1314 1190 1352 statu
1229 1327 1356 1366 quam
1395 1313 1722 1368 diligentissime
1760 1328 1850 1367 per-

158 1379 340 1434 scribas3
373 1393 423 1421 ea
454 1380 570 1421 enim
602 1380 843 1422 certissima
875 1382 1056 1436 putabo,
1090 1396 1197 1436 quae
1232 1397 1282 1423 ex
1316 1385 1355 1423 te
1390 1397 1587 1438 cognoro.

865 1520 962 1563 XII.
1014 1520 1150 1578 (134.)

286 1615 342 1658 M.
376 1614 589 1658 CICERO
624 1615 738 1657 JMP.
773 1614 813 1657 S.
845 1615 896 1657 D.
929 1615 984 1657 M.
1019 1614 1231 1658 CAELIO
1263 1616 1465 1658 AED1L1
1498 1618 1725 1659 CVRVLI.

276 1708 498 1752 Sollicitus
524 1710 722 1765 equidem
749 1725 868 1752 eram
894 1711 943 1751 de
970 1710 1096 1752 rebus
1129 1711 1323 1753 urbanis:
1355 1712 1417 1752 ita
1444 1712 1731 1754 tumultuosae
1759 1728 1853 1754 con·

104 1781 321 1836 zotiones‚
365 1781 427 1823 ita
471 1781 679 1823 molestae
724 1779 1018 1836 Quinquatrus
1069 1781 1373 1824 adferebantur
1419 1807 1467 1812 ——
1513 1798 1612 1824 nam
1657 1783 1854 1824 citeriora

156 1852 347 1894 nondum
391 1852 670 1894 audiebamus
716 1868 789 1906 —3
840 1852 912 1893 sed
959 1854 1105 1893 tamen
1147 1851 1255 1893 nihil
1300 1867 1366 1894 me
1412 1853 1550 1908 magis
1594 1853 1854 1894 sollicitabat

158 1937 288 1978 quam
319 1922 365 1964 in
396 1922 457 1965 eis
489 1923 703 1965 molestiis
729 1937 817 1965 non
843 1938 921 1978 me,
955 1923 990 1964 si
1018 1937 1125 1977 quae
1153 1923 1328 1964 ridenda
1355 1926 1508 1977 essent,
1541 1924 1675 1964 ridere
1701 1926 1854 1978 tecum,

158 1996 259 2035 sunt
297 1993 412 2035 enim
449 1994 605 2049 multa,
647 1994 720 2035 sed
759 2008 808 2035 ea
845 2009 930 2035 non
971 1994 1104 2035 audeo
1138 1993 1334 2035 scribere.
1391 1993 1495 2034 illud
1535 1994 1713 2036 moleste
1752 1994 1853 2048 fero,

157 2063 267 2105 nihil
298 2078 366 2105 me
399 2063 536 2106 adhuc
567 2064 636 2106 his
669 2064 719 2106 de
752 2064 880 2106 rebus
912 2064 1069 2105 habere
1103 2066 1274 2105 tuarum
1306 2064 1566 2118 litterarum3
1599 2079 1728 2118 quare
1761 2065 1853 2114 etsi,

107 2154 142 2180 25
161 2149 258 2177 cum
283 2137 332 2176 tu
357 2135 463 2177 haec
488 2135 619 2190 leges,
651 2149 730 2191 ego
758 2135 844 2177 iam
871 2150 1058 2176 annuum
1087 2149 1240 2176 munus
1268 2134 1500 2188 confecero,
1532 2137 1676 2175 tamen
1704 2135 1852 2176 obviae

279 2267 310 2298 1.
336 2264 440 2298 tenet
469 2262 572 2297 urbis
606 2263 640 2298 G
665 2264 775 2308 (Mr)‚
806 2264 954 2297 tenetur
984 2261 1042 2296 bis
1075 2263 1136 2304 M,
1171 2262 1317 2296 tenetur
1348 2260 1404 2294 uis
1436 2273 1486 2303 m,
1519 2262 1621 2295 tenet-
1650 2261 1768 2295 turbis
1794 2263 1845 2305 Rj

162 2314 191 2345 1.
219 2314 251 2345 2.
278 2309 498 2345 incredibile
522 2320 689 2345 meorum
715 2311 787 2346 GR
815 2310 925 2354 (Mr>,
960 2308 1217 2343 incredibilem
1250 2319 1374 2343 eorum
1399 2320 1449 2351 m,
1482 2307 1698 2342 incredibile
1730 2320 1853 2342 eorum

159 2357 234 2401 ΜΙΙ
253 2360 285 2392 2.
311 2356 351 2392 111
375 2356 487 2402 primi
506 2357 552 2392 Μ
571 2357 634 2401 (-18
655 2358 734 2402 ΜΥ)
753 2359 764 2402 11
783 2356 851 2400 tui,
877 2356 890 2390 i
914 2358 955 2391 in
979 2368 1050 2391 ras.
1072 2369 1095 2391 a
1114 2357 1189 2399 ΜΓ,
1216 2356 1269 2393 M.
1297 2355 1394 2399 tui'ff,
1422 2359 1438 2387 1
1463 2356 1529 2389 litt.
1550 2367 1608 2397 er„
1629 2355 1664 2390 R
1684 2357 1694 2398 11
1715 2359 1744 2389 3,
1767 2354 1853 2398 quia

159 2404 256 2447 Mm,
282 2403 347 2448 qui
374 2404 446 2440 GR
471 2406 482 2449 11
506 2403 663 2450 famam]
691 2404 767 2438 iam
791 2416 826 2439 m
844 2406 855 2448 11
874 2405 953 2438 tam
979 2403 1066 2446 Rm,
1092 2402 1167 2436 iam
1194 2403 1273 2437 MG
1299 2404 1310 2446 11
1336 2406 1366 2436 4.
1395 2401 1444 2435 sit
1469 2413 1533 2436 om.
1560 2413 1594 2435 m
1618 2404 1629 2444 11
1658 2407 1688 2435 6.
1715 2401 1853 2445 possim

161 2451 199 2485 et
228 2450 369 2486 soleam
394 2451 492 2495 ΜΘ,
529 2462 681 2496 possum
713 2453 751 2485 et
782 2451 920 2485 soleam
953 2451 1006 2493 R,
1039 2460 1229 2494 possemus
1262 2450 1299 2482 et
1331 2447 1489 2482 solemus
1521 2460 1565 2482 m.
1604 2447 1784 2491 possimus
1817 2450 1853 2481 et

161 2497 346 2533 soleamus
371 2499 440 2533 alii
464 2499 475 2543 11
501 2498 628 2543 magni
653 2498 744 2533 belli
771 2499 804 2533 G·
835 2499 846 2542 11
880 2501 908 2532 7.
936 2496 1121 2541 effungere
1146 2509 1181 2531 m
1205 2498 1216 2540 11
1243 2495 1460 2530 decedemus
1486 2495 1577 2537 MR,
1605 2494 1852 2528 descendisse-

160 2555 242 2580 mus
281 2545 337 2589 G,
377 2545 600 2580 decedamus
637 2557 671 2580 m
711 2547 722 2589 11
763 2548 794 2580 8.
832 2544 1011 2578 mandatu
1050 2554 1130 2577 meo
1168 2543 1384 2584 Lambinus,
1423 2541 1639 2575 mandatum
1677 2552 1719 2575 eo
1758 2542 1805 2575 M
1810 2553 1851 2584 m,

160 2591 340 2627 mandato
376 2602 460 2627 meo
494 2592 566 2628 GR
609 2594 620 2637 11
664 2591 830 2637 diligiter
860 2592 909 2625 M
935 2593 1026 2635 (-en-
1058 2591 1135 2634 Mr)
1177 2592 1189 2635 11
1232 2589 1410 2623 sed—11.
1447 2587 1637 2631 decedere}
1670 2589 1715 2630 ef.
1749 2588 1851 2622 I'Iut.

164 2638 236 2674 Cic.
263 2641 307 2673 36
343 2640 356 2685 11
393 2642 424 2674 9.
460 2649 522 2673 eas
555 2651 589 2674 m
621 2640 730 2683 (Mr)‚
769 2649 813 2673 ea
844 2640 878 2672 52
914 2640 925 2682 11
966 2642 1019 2672 10.
1059 2635 1251 2681 prouincia
1283 2646 1364 2669 mea
1395 2647 1429 2669 m
1465 2636 1476 2679 11
1515 2639 1567 2669 ll.
1602 2634 1776 2668 decedere
1807 2635 1852 2677 52,

162 2684 283 2720 dicere
308 2697 344 2720 m
367 2687 379 2739 11
408 2690 460 2721 12.
487 2686 552 2720 fiet
576 2698 610 2720 m
628 2688 639 2729 11
659 2686 696 2731 a]
725 2685 773 2719 ad
798 2697 831 2719 m
856 2687 868 2729 11
898 2688 950 2719 13.
978 2683 1159 2717 merculae
1186 2683 1286 2725 Mm,
1314 2681 1520 2715 mehercule
1549 2682 1619 2715 GR
1650 2683 1661 2724 11
1694 2684 1746 2715 14,
1774 2680 1852 2724 ipse

163 2731 242 2767 dies
267 2733 344 2777 ΜΓ,
368 2743 449 2778 lpse
475 2743 513 2767 es
539 2734 583 2776 52,
610 2732 693 2776 ipsa
720 2731 798 2766 dies
825 2744 857 2766 m
884 2733 896 2775 11
929 2735 981 2765 15.
1009 2741 1119 2774 quam
1145 2741 1188 2764 ea:
1213 2739 1321 2772 quem
1348 2729 1413 2762 ΜΓ
1442 2730 1453 2772 11
1486 2732 1538 2762 15.
1568 2732 1619 2761 16.
1647 2726 1852 2771 perscribas

162 2779 255 2823 MG,
281 2778 422 2814 scribas
448 2780 527 2815 Rm
557 2781 568 2823 11
603 2783 655 2813 16.
683 2789 727 2812 ea
752 2790 818 2813 om.
845 2790 879 2812 m
909 2779 920 2822 11
952 2787 1109 2822 cognoro
1137 2777 1196 2818 M,
1231 2785 1435 2820 cognouero
1461 2773 1558 2817 (nale
1585 2775 1666 2808 add.
1695 2775 1742 2817 G)
1769 2774 1852 2816 GR,

163 2835 344 2871 cognosco
369 2838 404 2861 m
422 2828 434 2870 11
458 2830 508 2860 17.
536 2826 691 2870 epistula
709 2826 921 2860 duodecima
946 2826 986 2858 vin
1006 2823 1053 2857 M
1067 2827 1165 2857 (πται
1190 2823 1297 2856 etiam
1323 2826 1400 2866 post
1418 2821 1513 2862 VIII,
1534 2827 1553 2853 ⁴.)
1576 2823 1636 2863 (m)
1656 2822 1667 2863 11
1690 2824 1741 2854 18.
1757 2820 1851 2855 Μ.-

162 2871 288 2908 Caelio
314 2885 380 2909 om.
404 2873 475 2909 GR
495 2874 506 2917 11
525 2884 571 2907 m.
598 2871 691 2906 celio
718 2883 761 2907 ex
786 2870 975 2905 marcellio
1002 2870 1161 2904 radendo
1181 2869 1230 2903 M
1243 2870 1254 2913 11
1278 2872 1328 2902 19.
1350 2867 1420 2912 ita!
1440 2869 1518 2902 tani
1540 2868 1572 2901 G
1591 2869 1602 2910 11
1625 2871 1850 2901 19.2Ο.6011-

162 2917 283 2954 tiones
309 2921 370 2964 M,
395 2924 427 2955 ec
452 2931 497 2954 esc
522 2918 776 2953 contentiones
802 2929 891 2952 corr.
918 2930 941 2951 a
965 2929 1008 2951 m.
1038 2920 1054 2949 1
1083 2916 1136 2958 R,
1163 2915 1416 2950 contentiones
1444 2915 1518 2948 Gm
1549 2915 1560 2956 11
1591 2916 1645 2947 20.
1672 2924 1851 2957 qumqua-

161 2966 241 3000 trus
267 2967 368 3010 Mm,
396 2967 488 3000 -tras
517 2968 567 3009 G,
604 2968 692 2999 —trcs
719 2965 754 3000 R
785 2967 796 3008 11
828 2968 882 2998 20.
910 2968 963 2998 21.
992 2974 1077 2997 nam
1103 2961 1260 2996 certiora
1287 2974 1319 2996 n.
1347 2960 1580 2995 audieramus
1606 2972 1639 2994 m
1670 2961 1682 3003 11
1712 2963 1767 2994 21.
1795 2972 1851 2993 mo

162 3012 284 3058 magis
315 3014 416 3056 Mm,
448 3012 569 3057 magis
601 3024 658 3046 me
692 3012 743 3054 G,
778 3010 897 3055 magis
924 3010 959 3045 R
990 3011 1001 3053 11
1032 3014 1087 3044 22.
1120 3009 1188 3054 eis]
1220 3008 1266 3042 iis
1297 3020 1348 3050 m,
1386 3007 1442 3040 his
1469 3008 1502 3040 52
1532 3009 1543 3050 11
1574 3005 1753 3040 molestiis
1781 3007 1852 3042 GR

162 3060 254 3096 (dius
279 3059 347 3103 R),
384 3059 448 3094 -tis
474 3060 558 3094 Ivlm
591 3062 602 3103 11
640 3059 671 3093 si
697 3070 770 3102 qua
797 3058 831 3092 R
868 3059 880 3101 11
917 3060 971 3091 24.
998 3056 1055 3090 his
1082 3055 1126 3090 de
1152 3057 1203 3099 52,
1236 3055 1280 3089 de
1307 3054 1363 3088 his
1389 3066 1439 3096 m,
1472 3052 1516 3086 iis
1549 3053 1593 3087 de
1622 3053 1829 3097 lVesenberyl

163 3104 328 3151 habere}
350 3107 499 3140 tuarum
535 3118 570 3141 m
606 3108 617 3151 11
661 3110 714 3140 25.
754 3116 836 3139 cum
877 3116 920 3138 ea:
960 3105 1023 3138 cut
1060 3103 1105 3136 M
1111 3102 1117 3123 ¹
1155 3104 1167 3147 11
1204 3113 1365 3136 annuum
1404 3101 1449 3134 M
1460 3112 1509 3144 m,
1549 3099 1711 3134 animum
1757 3100 1828 3135 GR

164 3152 311 3187 confero
339 3154 372 3189 G

1878 763 1897 792 t:
