2242 3496
619 200 955 237 EPISTVLARVM
982 202 1057 238 VII.
1088 207 1139 238 1³.
1170 207 1221 238 19.
1249 208 1302 238 20.
1330 208 1384 238 ⁴21.
1733 205 1813 245 173

124 307 197 362 qui
231 321 490 361 quamquam
525 308 696 362 plurimi
730 314 847 362 sunt,
885 310 1103 353 doctorem
1137 315 1279 352 tamen
1313 326 1522 366 usumque
1554 312 1813 353 desiderant:

124 391 384 431 quamquam
424 381 488 431 tu,
534 379 568 419 si
608 382 774 420 attente
817 381 952 435 leges,
995 382 1029 422 si
1069 382 1255 436 saepius,
1300 397 1374 436 per
1411 386 1452 423 te
1492 383 1635 424 omnia
1673 398 1813 424 conse-

123 461 251 502 quere
291 450 339 488 ut
376 450 491 489 certe
539 448 782 504 intellegas:
829 454 876 491 ut
918 466 1016 492 vero
1062 453 1190 493 etiam
1232 453 1310 506 ipsi
1351 452 1430 493 tibi
1474 453 1554 493 loci
1593 454 1815 507 proposita

123 517 375 572 quaestione
408 523 653 567 occurrant,
691 522 995 562 exercitatione
1029 537 1303 577 consequere,
1343 523 1387 564 in
1420 538 1504 577 qua
1535 523 1703 577 quidem
1737 539 1813 564 nos

86 590 165 629 fite
198 588 533 642 continebimus,
573 591 607 630 si
640 594 683 631 et
714 592 819 632 salvi
860 593 1110 633 redierimus
1151 598 1193 634 et
1232 594 1347 635 salva
1387 595 1471 635 ista
1502 593 1813 634 offenderimus.

122 670 152 701 v
184 657 234 699 Κ.
268 657 416 700 Sextil.
448 659 597 714 Regio.

831 790 923 832 xx.
972 791 1107 847 (334.)

672 893 878 937 CICERO
910 896 1201 939 TREBArio
1236 897 1275 939 S.

241 987 484 1029 Amabilior
525 988 631 1029 mihi
670 987 795 1030 Velia
838 989 939 1043 fuit,
983 991 1095 1044 quod
1135 995 1176 1031 te
1216 992 1268 1032 ab
1308 1007 1356 1032 ea
1395 994 1507 1033 sensi
1546 994 1698 1048 amari3
1743 994 1858 1035 sedl

72 1076 105 1100 ιο
124 1058 226 1113 qm'd
264 1072 344 1114 ego
383 1059 522 1100 dicam
560 1062 620 1113 te,
664 1074 790 1113 quem
829 1060 925 1114 quis
962 1076 1047 1102 non
1086 1062 1231 1102 amat?
1294 1062 1436 1116 Rufio,
1480 1064 1642 1105 medius
1680 1064 1817 1118 fidius,

123 1131 224 1170 tuus
256 1129 318 1170 ita
354 1129 695 1183 desiderabatur,
733 1132 781 1170 ut
820 1131 854 1171 si
894 1135 1007 1172 esset
1049 1147 1156 1173 unus
1190 1148 1210 1173 e
1242 1133 1384 1186 nobis3
1426 1134 1497 1175 sed
1535 1137 1576 1174 te
1615 1148 1694 1189 ego
1731 1150 1816 1176 non

124 1199 406 1254 reprehendo,
451 1199 524 1254 qui
568 1200 692 1241 illum
731 1200 783 1241 ad
825 1201 1166 1244 aedificationem
1211 1206 1330 1244 tuam
1374 1205 1629 1258 traduxeris3
1675 1220 1816 1259 quam-

125 1285 254 1325 quam
287 1271 400 1313 enim
432 1270 559 1312 Velia
589 1286 673 1312 non
709 1274 775 1312 est
807 1272 933 1313 vilior
965 1287 1093 1326 quam
1125 1273 1351 1328 Lupercal,
1385 1278 1527 1315 tamen
1560 1275 1671 1316 istuc
1703 1276 1815 1317 malo

126 1355 255 1396 quam
292 1341 397 1383 haec
436 1342 591 1383 omnia.
654 1345 720 1396 tu,
765 1342 801 1383 si
841 1357 906 1383 me
946 1344 1109 1397 audies,
1154 1359 1280 1398 quem
1324 1345 1454 1399 soles,
1497 1345 1573 1386 has
1618 1349 1818 1400 paternas

73 1430 105 1455 15
125 1411 421 1466 possessiones
453 1412 620 1454 tenebis
658 1437 706 1441 —
742 1413 886 1454 nescio
926 1413 1027 1466 quid
1065 1414 1178 1454 0111111
1210 1414 1430 1456 Velienses
1464 1416 1720 1457 verebantur
1757 1442 1820 1470 —,

123 1495 261 1536 neque
293 1481 512 1537 Haletem,
543 1482 735 1524 nobilem
768 1497 954 1536 amnem,
987 1484 1200 1538 relinques
1233 1500 1309 1526 nec
1342 1485 1615 1539 Papirianam
1649 1487 1821 1528 domum

125 1553 309 1595 deseres:
344 1567 606 1608 quamquam
636 1553 712 1594 illa
745 1554 916 1608 quidem
947 1554 1080 1596 habet
1112 1555 1267 1609 lotum,
1300 1570 1324 1596 a
1357 1571 1439 1610 quo
1473 1557 1603 1597 etiam
1636 1557 1820 1599 advenae

125 1624 264 1666 teneri
296 1624 438 1666 solent
474 1649 522 1653 —
559 1639 684 1679 quem
718 1627 865 1665 tamen
897 1625 933 1665 si
966 1625 1190 1679 excideris,
1230 1627 1414 1667 multum
1446 1629 1714 1681 prospexeris
1747 1646 1821 1684 -3

127 1695 200 1737 sed
225 1695 270 1736 in
295 1695 447 1750 primis
468 1698 760 1750 opportunum
782 1695 961 1749 videtur,
986 1695 1054 1736 his
1081 1697 1335 1750 praesertim
1362 1698 1639 1752 temporibus,
1665 1698 1821 1740 habere
1849 1712 1867 1741 ·2

73 1784 108 1809 20
126 1765 371 1822 perfugium
410 1767 598 1821 primum
640 1781 788 1808 eorum
826 1767 997 1821 urbem,
1042 1767 1196 1820 quibus
1236 1782 1359 1809 carus
1399 1768 1474 1822 sis,
1519 1768 1666 1809 deinde
1705 1773 1821 1810 tuam

126 1837 301 1878 domum
333 1839 517 1892 tuosque
550 1851 695 1892 agros,
728 1852 862 1892 eaque
894 1840 1082 1891 remoto,
1121 1838 1302 1891 salubri,
1335 1853 1513 1880 amoeno
1547 1839 1659 1892 100ος
1698 1839 1822 1894 idque

127 1908 258 1950 etiam
300 1922 398 1949 mea
440 1908 650 1951 interesse
661 1942 672 1963 ,
715 1908 774 1949 mi
815 1908 1016 1962 Trebati,
1059 1908 1259 1950 arbitror.
1323 1909 1395 1951 sed
1439 1909 1601 1950 valebis
1646 1924 1823 1964 meaque

125 1979 304 2034 negotia
347 1978 511 2020 videbis
555 1993 707 2033 meque
753 1979 817 2020 dis
863 1979 1110 2020 iuvantibus
1154 1981 1252 2020 ante
1298 1980 1494 2020 brumam
1544 1981 1822 2034 exspectabis.

127 2063 208 2106 ego
241 2065 267 2092 a
299 2048 394 2092 Sex.
426 2049 579 2104 Fadio,
617 2049 798 2092 Niconis
831 2049 1062 2104 discipulo,
1104 2049 1263 2091 librum
1302 2050 1461 2104 apstuli
1492 2052 1695 2100 Νίκωνος
1726 2050 1823 2105 περὶ
1850 2064 1867 2093 3

74 2139 109 2164 25
126 2123 424 2175 πολυφαγίαςε
475 2136 500 2163 0
544 2121 756 2164 medicum
808 2136 982 2162 suavem
1026 2118 1184 2175 'meque
1229 2120 1411 2162 docilem
1455 2121 1507 2162 ad
1551 2121 1660 2162 hanc
1704 2121 1824 2162 disci-

127 2191 311 2246 plinam!
361 2192 436 2234 sed
460 2192 623 2234 Bassus
651 2195 800 2234 noster
832 2207 898 2233 me
931 2192 980 2233 de
1013 2192 1094 2233 1100
1126 2191 1237 2232 libro
1265 2191 1437 2246 celavit,
1468 2194 1510 2232 te
1543 2191 1714 2246 quidem
1738 2207 1824 2234 non

129 2262 311 2305 videtur.
364 2266 518 2306 ventus
549 2263 840 2306 increbrescit.
897 2277 1010 2317 cura,
1042 2265 1090 2303 ut
1123 2262 1276 2303 valeas.
1327 2273 1410 2303 X111
1438 2261 1489 2302 K.
1517 2260 1632 2303 Sext.
1660 2261 1794 2303 Velia.

830 2415 943 2458 XXI.
990 2414 1127 2471 (331.)

672 2521 884 2564 CICERO
918 2519 1211 2563 TREBATIO
1248 2518 1286 2561 S.

76 2636 112 2661 30
250 2615 347 2659 Silii
373 2632 548 2660 causam
580 2621 622 2659 te
655 2617 798 2659 docui:
831 2617 867 2658 is
899 2620 1050 2670 postea
1081 2615 1164 2656 fuit
1191 2614 1302 2668 apud
1329 2628 1405 2655 me.
1456 2628 1552 2655 cum
1577 2615 1615 2656 ei
1641 2614 1824 2656 dicerem

129 2689 211 2731 tibi
266 2689 401 2731 videri
456 2690 733 2744 sponsionem
789 2688 909 2728 illam
963 2701 1042 2727 nos
1099 2686 1189 2726 sine
1244 2684 1434 2739 periculo
1491 2684 1627 2726 facere
1681 2699 1825 2739 posse:

251 2821 281 2852 1.
315 2828 495 2861 usumque
528 2817 730 2862 Εῳιαΐίαε,
770 2825 954 2858 unumque
988 2813 1085 2855 MR,
1127 2823 1236 2845 unum
1275 2822 1383 2855 quem
1421 2812 1452 2845 G
1492 2814 1504 2855 [Ι
1541 2817 1571 2846 2'.
1605 2823 1670 2856 per
1703 2813 1739 2846 te
1771 2812 1826 2856 M,

129 2864 249 2910 perite
276 2865 348 2900 GR
382 2868 394 2907 ΙΙ
429 2869 461 2899 3.
483 2868 566 2908 post
592 2865 690 2898 certe
717 2864 754 2896 in
783 2862 829 2895 ss!
852 2874 940 2895 eras.
968 2862 1005 2894 ct
1032 2863 1043 2903 Η
1074 2863 1127 2894 11.
1154 2870 1198 2892 ex
1224 2858 1330 2892 nobis
1359 2860 1391 2891 G
1415 2861 1428 2907 fl
1457 2862 1509 2893 13.
1537 2861 1662 2893 tamen
1687 2871 1754 2895 om.
1782 2861 1824 2894 (ι’.

130 2914 173 2947 in
196 2914 278 2957 ipsa
301 2914 479 2947 sententia
504 2912 618 2945 haesit
645 2911 785 2952 beltena,
809 2910 893 2951 fort.
922 2910 997 2942 iure
1029 2909 1039 2949 Η
1075 2911 1127 2940 15.
1154 2905 1252 2939 0111111
1279 2905 1366 2949 quid
1396 2907 1427 2939 G
1460 2908 1471 2950 ΙΙ
1506 2909 1556 2940 lu.
1585 2905 1745 2940 haletem
1771 2907 1826 2949 M,

130 2958 267 2994 aletem
291 2959 340 3003 R,
366 2958 545 2993 athletem
573 2960 615 2992 G.
651 2956 819 2991 Heletem
845 2956 893 2989 ad
920 2955 995 2988 ΑΗ.
1019 2953 1113 2996 XVI,
1136 2956 1166 2995 7,
1188 2957 1207 2985 ι’)
1234 2953 1419 2996 (Straboni
1440 2965 1478 2996 y).
1501 2956 1567 2985 252
1596 2953 1674 2987 Cas.
1700 2965 1824 2988 ‘nomen

130 3006 176 3041 ab
209 3007 466 3050 interpolatore
502 3006 659 3047 illatum)
698 3006 709 3047 ΙΙ
746 3001 1000 3047 Papirianam}
1034 3002 1226 3044 paternam
1261 3000 1414 3033 Jlaaelch
1444 3002 1515 3043 (ap.
1545 2999 1728 3045 I’aulyum.
1753 3011 1825 3035 0110.

131 3053 262 3099 Stuttq.
288 3053 348 3097 VI,
370 3057 390 3086 2
413 3055 578 3097 122078)
608 3055 618 3095 Η
648 3051 796 3085 domum
823 3062 888 3083 nm.
918 3048 988 3082 GR
1021 3051 1032 3090 Η
1067 3051 1118 3082 17.
1147 3047 1262 3080 lotum
1291 3045 1488 3098 Muluium
1518 3046 1600 3098 GR,
1627 3046 1750 3081 lucum
1776 3058 1796 3083 ς

131 3103 187 3135 24.
213 3100 316 3135 fabio
342 3101 376 3135 G
394 3102 406 3145 11
425 3101 616 3139 Nea-amos
643 3102 676 3133 Ω,
701 3102 713 3142 η
740 3102 796 3133 213.
824 3096 957 3131 balbus
985 3097 1017 3130 G
1043 3098 1055 3140 ΙΙ
1081 3099 1134 3129 27.
1163 3093 1384 3128 increbescit
1411 3095 1441 3128 G
1463 3095 1474 3138 ΙΙ
1495 3092 1584 3127 uilia
1610 3094 1654 3128 M
1677 3098 1689 3139 ΙΙ
1714 3098 1768 3130 30.
1797 3093 1826 3127 is

131 3157 197 3182 om.
226 3147 260 3182 G
278 3148 290 3192 ΙΙ
309 3150 364 3182 31.
392 3146 530 3182 uideris
557 3147 604 3181 M
