<?xml version="1.0" encoding="UTF-8"?>
<!DOCTYPE html PUBLIC "-//W3C//DTD XHTML 1.0 Transitional//EN"
    "http://www.w3.org/TR/xhtml1/DTD/xhtml1-transitional.dtd">
<html xmlns="http://www.w3.org/1999/xhtml" xml:lang="en" lang="en">
 <head>
  <title>
</title>
<meta http-equiv="Content-Type" content="text/html;charset=utf-8" />
  <meta name='ocr-system' content='tesseract 3.04.00' />
  <meta name='ocr-capabilities' content='ocr_page ocr_carea ocr_par ocr_line ocrx_word'/>
</head>
<body>
  <div class='ocr_page' id='page_1' title='image "./epistularumlibri00ciceuoft_0244.png"; bbox 0 0 2242 3496; ppageno 0'>
   <div class='ocr_carea' id='block_1_1' title="bbox 373 132 1461 185">
    <p class='ocr_par' dir='ltr' id='par_1_1' title="bbox 373 132 1461 185">
     <span class='ocr_line' id='line_1_1' title="bbox 373 132 1461 185; baseline -0.002 -17"><span class='ocrx_word' id='word_1_1' title='bbox 373 145 457 185; x_wconf 75' lang='lat'>204</span> <span class='ocrx_word' id='word_1_2' title='bbox 970 137 1017 171; x_wconf 90' lang='lat' dir='ltr'>M.</span> <span class='ocrx_word' id='word_1_3' title='bbox 1045 134 1182 169; x_wconf 86' lang='lat' dir='ltr'>TVLLI</span> <span class='ocrx_word' id='word_1_4' title='bbox 1212 132 1461 168; x_wconf 82' lang='lat' dir='ltr'>CICERONIS</span> 
     </span>
    </p>
   </div>
   <div class='ocr_carea' id='block_1_2' title="bbox 328 241 2124 1419">
    <p class='ocr_par' dir='ltr' id='par_1_2' title="bbox 373 241 2069 439">
     <span class='ocr_line' id='line_1_2' title="bbox 373 241 2068 295; baseline -0.007 -2"><span class='ocrx_word' id='word_1_5' title='bbox 373 251 600 293; x_wconf 70' lang='lat' dir='ltr'>excanduit</span> <span class='ocrx_word' id='word_1_6' title='bbox 638 252 680 289; x_wconf 88' lang='lat' dir='ltr'>et</span> <span class='ocrx_word' id='word_1_7' title='bbox 719 262 782 287; x_wconf 85' lang='lat' dir='ltr'>mc</span> <span class='ocrx_word' id='word_1_8' title='bbox 816 259 987 286; x_wconf 80' lang='lat' dir='ltr'>causam</span> <span class='ocrx_word' id='word_1_9' title='bbox 1026 241 1354 283; x_wconf 70' lang='lat' dir='ltr'>inimicitiarum</span> <span class='ocrx_word' id='word_1_10' title='bbox 1388 255 1591 295; x_wconf 84' lang='lat' dir='ltr'>quaerere</span> <span class='ocrx_word' id='word_1_11' title='bbox 1626 241 1883 294; x_wconf 69' lang='lat' dir='ltr'>clamitavit,</span> <span class='ocrx_word' id='word_1_12' title='bbox 1925 243 1992 295; x_wconf 88' lang='lat' dir='ltr'>ut,</span> <span class='ocrx_word' id='word_1_13' title='bbox 2033 241 2068 282; x_wconf 89' lang='lat' dir='ltr'>si</span> 
     </span>
     <span class='ocr_line' id='line_1_3' title="bbox 374 311 2069 373; baseline -0.006 -10"><span class='ocrx_word' id='word_1_14' title='bbox 374 322 479 363; x_wconf 80' lang='lat' dir='ltr'>mihi</span> <span class='ocrx_word' id='word_1_15' title='bbox 511 321 554 361; x_wconf 87' lang='lat' dir='ltr'>in</span> <span class='ocrx_word' id='word_1_16' title='bbox 586 318 765 373; x_wconf 76' lang='lat' dir='ltr'>pecunia</span> <span class='ocrx_word' id='word_1_17' title='bbox 797 316 936 356; x_wconf 87' lang='lat' dir='ltr'>minus</span> <span class='ocrx_word' id='word_1_18' title='bbox 976 312 1081 354; x_wconf 88' lang='lat' dir='ltr'>satis</span> <span class='ocrx_word' id='word_1_19' title='bbox 1121 311 1312 365; x_wconf 81' lang='lat' dir='ltr'>fecisset,</span> <span class='ocrx_word' id='word_1_20' title='bbox 1350 326 1426 366; x_wconf 86' lang='lat' dir='ltr'>per</span> <span class='ocrx_word' id='word_1_21' title='bbox 1463 311 1575 353; x_wconf 91' lang='lat' dir='ltr'>hanc</span> <span class='ocrx_word' id='word_1_22' title='bbox 1614 312 1800 366; x_wconf 87' lang='lat' dir='ltr'>speciem</span> <span class='ocrx_word' id='word_1_23' title='bbox 1834 311 2069 353; x_wconf 82' lang='lat' dir='ltr'>simultatis</span> 
     </span>
     <span class='ocr_line' id='line_1_4' title="bbox 374 380 2068 439; baseline -0.006 -6"><span class='ocrx_word' id='word_1_24' title='bbox 374 407 468 433; x_wconf 83' lang='lat' dir='ltr'>eum</span> <span class='ocrx_word' id='word_1_25' title='bbox 520 391 796 431; x_wconf 84' lang='lat' dir='ltr'>consectarer.</span> <span class='ocrx_word' id='word_1_26' title='bbox 869 388 1021 439; x_wconf 81' lang='lat' dir='ltr'>postea</span> <span class='ocrx_word' id='word_1_27' title='bbox 1064 398 1151 424; x_wconf 90' lang='lat' dir='ltr'>non</span> <span class='ocrx_word' id='word_1_28' title='bbox 1195 382 1365 423; x_wconf 84' lang='lat' dir='ltr'>destitit</span> <span class='ocrx_word' id='word_1_29' title='bbox 1416 396 1631 423; x_wconf 80' lang='lat' dir='ltr'>accersere</span> <span class='ocrx_word' id='word_1_30' title='bbox 1676 381 1826 423; x_wconf 90' lang='lat' dir='ltr'>Polam</span> <span class='ocrx_word' id='word_1_31' title='bbox 1872 380 2068 423; x_wconf 83' lang='lat' dir='ltr'>Servium</span> 
     </span>
    </p>

    <p class='ocr_par' dir='ltr' id='par_1_3' title="bbox 328 452 2124 1419">
     <span class='ocr_line' id='line_1_5' title="bbox 328 452 2069 512; baseline -0.006 -9"><span class='ocrx_word' id='word_1_32' title='bbox 328 476 336 503; x_wconf 74' lang='grc' dir='ltr'>ε</span> <span class='ocrx_word' id='word_1_33' title='bbox 375 464 683 512; x_wconf 70' lang='lat' dir='ltr'>accusatorem,</span> <span class='ocrx_word' id='word_1_34' title='bbox 722 457 828 497; x_wconf 86' lang='lat' dir='ltr'>inire</span> <span class='ocrx_word' id='word_1_35' title='bbox 862 471 958 497; x_wconf 87' lang='lat' dir='ltr'>cum</span> <span class='ocrx_word' id='word_1_36' title='bbox 991 454 1185 496; x_wconf 88' lang='lat' dir='ltr'>Domitio</span> <span class='ocrx_word' id='word_1_37' title='bbox 1219 452 1410 494; x_wconf 90' lang='lat' dir='ltr'>consilia.</span> <span class='ocrx_word' id='word_1_38' title='bbox 1474 452 1630 506; x_wconf 91' lang='lat' dir='ltr'>quibus</span> <span class='ocrx_word' id='word_1_39' title='bbox 1664 467 1759 494; x_wconf 90' lang='lat' dir='ltr'>cum</span> <span class='ocrx_word' id='word_1_40' title='bbox 1792 467 1944 507; x_wconf 88' lang='lat' dir='ltr'>parum</span> <span class='ocrx_word' id='word_1_41' title='bbox 1975 467 2069 507; x_wconf 86' lang='lat' dir='ltr'>pro-</span> 
     </span>
     <span class='ocr_line' id='line_1_6' title="bbox 373 523 2122 583; baseline -0.005 -11"><span class='ocrx_word' id='word_1_42' title='bbox 373 532 549 583; x_wconf 80' lang='lat' dir='ltr'>cederet,</span> <span class='ocrx_word' id='word_1_43' title='bbox 583 533 630 569; x_wconf 87' lang='lat' dir='ltr'>ut</span> <span class='ocrx_word' id='word_1_44' title='bbox 662 528 750 568; x_wconf 88' lang='lat' dir='ltr'>ulla</span> <span class='ocrx_word' id='word_1_45' title='bbox 782 528 875 581; x_wconf 83' lang='lat' dir='ltr'>lege</span> <span class='ocrx_word' id='word_1_46' title='bbox 909 526 1016 566; x_wconf 91' lang='lat' dir='ltr'>mihi</span> <span class='ocrx_word' id='word_1_47' title='bbox 1048 526 1257 579; x_wconf 85' lang='lat' dir='ltr'>ponerent</span> <span class='ocrx_word' id='word_1_48' title='bbox 1291 526 1598 577; x_wconf 87' lang='lat' dir='ltr'>accusatorem,</span> <span class='ocrx_word' id='word_1_49' title='bbox 1632 523 1866 577; x_wconf 86' lang='lat' dir='ltr'>conpellari</span> <span class='ocrx_word' id='word_1_50' title='bbox 1899 539 1948 565; x_wconf 91' lang='lat' dir='ltr'>ea</span> <span class='ocrx_word' id='word_1_51' title='bbox 1973 524 2068 579; x_wconf 84' lang='lat' dir='ltr'>lege</span> <span class='ocrx_word' id='word_1_52' title='bbox 2105 539 2122 564; x_wconf 85' lang='lat'><strong>5</strong></span> 
     </span>
     <span class='ocr_line' id='line_1_7' title="bbox 372 593 2068 652; baseline -0.003 -11"><span class='ocrx_word' id='word_1_53' title='bbox 372 617 436 642; x_wconf 82' lang='lat' dir='ltr'>me</span> <span class='ocrx_word' id='word_1_54' title='bbox 482 600 729 652; x_wconf 81' lang='lat' dir='ltr'>voluerunt,</span> <span class='ocrx_word' id='word_1_55' title='bbox 779 612 862 651; x_wconf 83' lang='lat' dir='ltr'>qua</span> <span class='ocrx_word' id='word_1_56' title='bbox 907 597 1046 638; x_wconf 89' lang='lat' dir='ltr'>dicere</span> <span class='ocrx_word' id='word_1_57' title='bbox 1090 611 1177 637; x_wconf 91' lang='lat' dir='ltr'>non</span> <span class='ocrx_word' id='word_1_58' title='bbox 1220 597 1442 649; x_wconf 85' lang='lat' dir='ltr'>poterant:</span> <span class='ocrx_word' id='word_1_59' title='bbox 1494 593 1821 635; x_wconf 87' lang='lat' dir='ltr'>insolentissimi</span> <span class='ocrx_word' id='word_1_60' title='bbox 1872 594 2068 636; x_wconf 89' lang='lat' dir='ltr'>homines</span> 
     </span>
     <span class='ocr_line' id='line_1_8' title="bbox 371 664 2070 722; baseline -0.004 -10"><span class='ocrx_word' id='word_1_61' title='bbox 371 670 546 712; x_wconf 82' lang='lat' dir='ltr'>summis</span> <span class='ocrx_word' id='word_1_62' title='bbox 587 668 878 722; x_wconf 81' lang='lat' dir='ltr'>Circensibus,</span> <span class='ocrx_word' id='word_1_63' title='bbox 921 668 1034 708; x_wconf 86' lang='lat' dir='ltr'>ludis</span> <span class='ocrx_word' id='word_1_64' title='bbox 1080 666 1205 720; x_wconf 89' lang='lat' dir='ltr'>meis,</span> <span class='ocrx_word' id='word_1_65' title='bbox 1248 666 1556 720; x_wconf 88' lang='lat' dir='ltr'>postulandum</span> <span class='ocrx_word' id='word_1_66' title='bbox 1601 680 1668 706; x_wconf 90' lang='lat' dir='ltr'>me</span> <span class='ocrx_word' id='word_1_67' title='bbox 1712 665 1806 720; x_wconf 85' lang='lat' dir='ltr'>lege</span> <span class='ocrx_word' id='word_1_68' title='bbox 1848 664 2070 707; x_wconf 82' lang='lat' dir='ltr'>Scantinia</span> 
     </span>
     <span class='ocr_line' id='line_1_9' title="bbox 370 735 2068 792; baseline -0.003 -10"><span class='ocrx_word' id='word_1_69' title='bbox 370 735 529 783; x_wconf 78' lang='lat' dir='ltr'>curant.</span> <span class='ocrx_word' id='word_1_70' title='bbox 593 740 662 781; x_wconf 88' lang='lat' dir='ltr'>vix</span> <span class='ocrx_word' id='word_1_71' title='bbox 700 740 781 780; x_wconf 90' lang='lat' dir='ltr'>hoc</span> <span class='ocrx_word' id='word_1_72' title='bbox 820 742 912 780; x_wconf 89' lang='lat' dir='ltr'>erat</span> <span class='ocrx_word' id='word_1_73' title='bbox 952 738 1058 780; x_wconf 88' lang='lat' dir='ltr'>Pola</span> <span class='ocrx_word' id='word_1_74' title='bbox 1100 738 1314 792; x_wconf 90' lang='lat' dir='ltr'>elocutus,</span> <span class='ocrx_word' id='word_1_75' title='bbox 1359 751 1455 778; x_wconf 90' lang='lat' dir='ltr'>cum</span> <span class='ocrx_word' id='word_1_76' title='bbox 1494 751 1573 791; x_wconf 84' lang='lat' dir='ltr'>ego</span> <span class='ocrx_word' id='word_1_77' title='bbox 1613 736 1803 791; x_wconf 91' lang='lat' dir='ltr'>Appium</span> <span class='ocrx_word' id='word_1_78' title='bbox 1848 751 2068 778; x_wconf 86' lang='lat' dir='ltr'>censorem</span> 
     </span>
     <span class='ocr_line' id='line_1_10' title="bbox 370 807 2070 866; baseline -0.002 -14"><span class='ocrx_word' id='word_1_79' title='bbox 370 812 514 853; x_wconf 73' lang='lat' dir='ltr'>cadem</span> <span class='ocrx_word' id='word_1_80' title='bbox 548 812 642 866; x_wconf 78' lang='lat' dir='ltr'>lege</span> <span class='ocrx_word' id='word_1_81' title='bbox 675 810 910 865; x_wconf 89' lang='lat' dir='ltr'>postulavi:</span> <span class='ocrx_word' id='word_1_82' title='bbox 945 810 1058 864; x_wconf 86' lang='lat' dir='ltr'>quod</span> <span class='ocrx_word' id='word_1_83' title='bbox 1091 809 1244 850; x_wconf 89' lang='lat' dir='ltr'>melius</span> <span class='ocrx_word' id='word_1_84' title='bbox 1279 809 1465 862; x_wconf 87' lang='lat' dir='ltr'>caderet,</span> <span class='ocrx_word' id='word_1_85' title='bbox 1498 807 1607 849; x_wconf 89' lang='lat' dir='ltr'>nihil</span> <span class='ocrx_word' id='word_1_86' title='bbox 1639 807 1742 862; x_wconf 81' lang='lat' dir='ltr'>vidi3</span> <span class='ocrx_word' id='word_1_87' title='bbox 1776 822 1877 848; x_wconf 89' lang='lat' dir='ltr'>nam</span> <span class='ocrx_word' id='word_1_88' title='bbox 1910 807 1971 849; x_wconf 92' lang='lat' dir='ltr'>sic</span> <span class='ocrx_word' id='word_1_89' title='bbox 2003 810 2070 849; x_wconf 92' lang='lat' dir='ltr'>est</span> 
     </span>
     <span class='ocr_line' id='line_1_11' title="bbox 368 878 2124 936; baseline -0.003 -12"><span class='ocrx_word' id='word_1_90' title='bbox 368 898 391 924; x_wconf 82' lang='lat' dir='ltr'>a</span> <span class='ocrx_word' id='word_1_91' title='bbox 428 882 588 936; x_wconf 85' lang='lat' dir='ltr'>populo</span> <span class='ocrx_word' id='word_1_92' title='bbox 628 884 671 922; x_wconf 90' lang='lat' dir='ltr'>et</span> <span class='ocrx_word' id='word_1_93' title='bbox 708 895 795 922; x_wconf 89' lang='lat' dir='ltr'>non</span> <span class='ocrx_word' id='word_1_94' title='bbox 834 881 981 922; x_wconf 87' lang='lat' dir='ltr'>infimo</span> <span class='ocrx_word' id='word_1_95' title='bbox 1025 894 1194 934; x_wconf 89' lang='lat' dir='ltr'>quoque</span> <span class='ocrx_word' id='word_1_96' title='bbox 1240 879 1544 933; x_wconf 88' lang='lat' dir='ltr'>adprobatum,</span> <span class='ocrx_word' id='word_1_97' title='bbox 1588 882 1637 920; x_wconf 94' lang='lat' dir='ltr'>ut</span> <span class='ocrx_word' id='word_1_98' title='bbox 1681 878 1889 920; x_wconf 87' lang='lat' dir='ltr'>maiorem</span> <span class='ocrx_word' id='word_1_99' title='bbox 1925 878 2068 934; x_wconf 86' lang='lat' dir='ltr'>Appio</span> <span class='ocrx_word' id='word_1_100' title='bbox 2092 894 2124 919; x_wconf 94' lang='lat'>10</span> 
     </span>
     <span class='ocr_line' id='line_1_12' title="bbox 367 950 2069 1006; baseline -0.001 -13"><span class='ocrx_word' id='word_1_101' title='bbox 367 954 557 994; x_wconf 88' lang='lat' dir='ltr'>dolorem</span> <span class='ocrx_word' id='word_1_102' title='bbox 590 952 705 993; x_wconf 83' lang='lat' dir='ltr'>fama</span> <span class='ocrx_word' id='word_1_103' title='bbox 738 966 866 1006; x_wconf 91' lang='lat' dir='ltr'>quam</span> <span class='ocrx_word' id='word_1_104' title='bbox 899 950 1138 1006; x_wconf 88' lang='lat' dir='ltr'>postulatio</span> <span class='ocrx_word' id='word_1_105' title='bbox 1174 950 1384 992; x_wconf 89' lang='lat' dir='ltr'>attulerit.</span> <span class='ocrx_word' id='word_1_106' title='bbox 1439 953 1665 1004; x_wconf 89' lang='lat' dir='ltr'>praeterea</span> <span class='ocrx_word' id='word_1_107' title='bbox 1697 950 1817 1004; x_wconf 90' lang='lat' dir='ltr'>coepi</span> <span class='ocrx_word' id='word_1_108' title='bbox 1851 950 2069 1005; x_wconf 84' lang='lat' dir='ltr'>sacellum,</span> 
     </span>
     <span class='ocr_line' id='line_1_13' title="bbox 370 1021 2072 1077; baseline -0.002 -12"><span class='ocrx_word' id='word_1_109' title='bbox 370 1025 412 1065; x_wconf 91' lang='lat' dir='ltr'>in</span> <span class='ocrx_word' id='word_1_110' title='bbox 445 1025 571 1065; x_wconf 86' lang='lat' dir='ltr'>domo</span> <span class='ocrx_word' id='word_1_111' title='bbox 606 1023 718 1077; x_wconf 86' lang='lat' dir='ltr'>quod</span> <span class='ocrx_word' id='word_1_112' title='bbox 757 1025 840 1077; x_wconf 85' lang='lat' dir='ltr'>est,</span> <span class='ocrx_word' id='word_1_113' title='bbox 880 1022 933 1064; x_wconf 91' lang='lat' dir='ltr'>ab</span> <span class='ocrx_word' id='word_1_114' title='bbox 966 1037 1015 1064; x_wconf 94' lang='lat' dir='ltr'>eo</span> <span class='ocrx_word' id='word_1_115' title='bbox 1048 1024 1206 1076; x_wconf 88' lang='lat' dir='ltr'>petere.</span> <span class='ocrx_word' id='word_1_116' title='bbox 1269 1021 1500 1063; x_wconf 90' lang='lat' dir='ltr'>conturbat</span> <span class='ocrx_word' id='word_1_117' title='bbox 1531 1036 1599 1062; x_wconf 91' lang='lat' dir='ltr'>me</span> <span class='ocrx_word' id='word_1_118' title='bbox 1632 1036 1754 1063; x_wconf 90' lang='lat' dir='ltr'>mora</span> <span class='ocrx_word' id='word_1_119' title='bbox 1785 1021 1898 1062; x_wconf 90' lang='lat' dir='ltr'>servi</span> <span class='ocrx_word' id='word_1_120' title='bbox 1929 1021 2072 1076; x_wconf 86' lang='lat' dir='ltr'>huius,</span> 
     </span>
     <span class='ocr_line' id='line_1_14' title="bbox 367 1091 2069 1149; baseline -0.002 -13"><span class='ocrx_word' id='word_1_121' title='bbox 367 1095 438 1149; x_wconf 87' lang='lat' dir='ltr'>qui</span> <span class='ocrx_word' id='word_1_122' title='bbox 485 1094 565 1135; x_wconf 92' lang='lat' dir='ltr'>tibi</span> <span class='ocrx_word' id='word_1_123' title='bbox 608 1093 777 1134; x_wconf 85' lang='lat' dir='ltr'>litteras</span> <span class='ocrx_word' id='word_1_124' title='bbox 824 1092 994 1146; x_wconf 81' lang='lat' dir='ltr'>attulit3</span> <span class='ocrx_word' id='word_1_125' title='bbox 1038 1107 1138 1133; x_wconf 86' lang='lat' dir='ltr'>nam</span> <span class='ocrx_word' id='word_1_126' title='bbox 1183 1092 1371 1146; x_wconf 88' lang='lat' dir='ltr'>acceptis</span> <span class='ocrx_word' id='word_1_127' title='bbox 1417 1092 1636 1146; x_wconf 86' lang='lat' dir='ltr'>prioribus</span> <span class='ocrx_word' id='word_1_128' title='bbox 1681 1091 1838 1134; x_wconf 89' lang='lat' dir='ltr'>litteris</span> <span class='ocrx_word' id='word_1_129' title='bbox 1883 1092 2069 1147; x_wconf 86' lang='lat' dir='ltr'>amplius</span> 
     </span>
     <span class='ocr_line' id='line_1_15' title="bbox 365 1162 2069 1219; baseline -0.002 -12"><span class='ocrx_word' id='word_1_130' title='bbox 365 1166 513 1219; x_wconf 78' lang='lat' dir='ltr'>&lt;dies&gt;</span> <span class='ocrx_word' id='word_1_131' title='bbox 553 1163 840 1219; x_wconf 79' lang='lat' dir='ltr'>quadraginta</span> <span class='ocrx_word' id='word_1_132' title='bbox 877 1163 1049 1205; x_wconf 90' lang='lat' dir='ltr'>mansit.</span> <span class='ocrx_word' id='word_1_133' title='bbox 1113 1163 1213 1218; x_wconf 87' lang='lat' dir='ltr'>quid</span> <span class='ocrx_word' id='word_1_134' title='bbox 1253 1163 1333 1204; x_wconf 92' lang='lat' dir='ltr'>tibi</span> <span class='ocrx_word' id='word_1_135' title='bbox 1374 1163 1578 1217; x_wconf 86' lang='lat' dir='ltr'>scribam,</span> <span class='ocrx_word' id='word_1_136' title='bbox 1616 1163 1779 1205; x_wconf 89' lang='lat' dir='ltr'>nescio:</span> <span class='ocrx_word' id='word_1_137' title='bbox 1820 1163 1947 1217; x_wconf 80' lang='lat' dir='ltr'>†scis</span> <span class='ocrx_word' id='word_1_138' title='bbox 1985 1162 2069 1204; x_wconf 94' lang='lat' dir='ltr'>Do-</span> 
     </span>
     <span class='ocr_line' id='line_1_16' title="bbox 366 1233 2123 1289; baseline -0.002 -12"><span class='ocrx_word' id='word_1_139' title='bbox 366 1236 488 1277; x_wconf 87' lang='lat' dir='ltr'>mitio</span> <span class='ocrx_word' id='word_1_140' title='bbox 535 1236 646 1277; x_wconf 86' lang='lat' dir='ltr'>diem</span> <span class='ocrx_word' id='word_1_141' title='bbox 690 1238 886 1276; x_wconf 89' lang='lat' dir='ltr'>tumorae</span> <span class='ocrx_word' id='word_1_142' title='bbox 932 1238 998 1276; x_wconf 88' lang='lat' dir='ltr'>est</span> <span class='ocrx_word' id='word_1_143' title='bbox 1045 1237 1247 1289; x_wconf 86' lang='lat' dir='ltr'>exspecto</span> <span class='ocrx_word' id='word_1_144' title='bbox 1290 1235 1411 1276; x_wconf 81' lang='lat' dir='ltr'>valde</span> <span class='ocrx_word' id='word_1_145' title='bbox 1452 1236 1494 1276; x_wconf 92' lang='lat' dir='ltr'>et</span> <span class='ocrx_word' id='word_1_146' title='bbox 1532 1249 1661 1289; x_wconf 90' lang='lat' dir='ltr'>quam</span> <span class='ocrx_word' id='word_1_147' title='bbox 1699 1234 1887 1288; x_wconf 84' lang='lat' dir='ltr'>primurn</span> <span class='ocrx_word' id='word_1_148' title='bbox 1926 1233 2067 1275; x_wconf 89' lang='lat' dir='ltr'>videre</span> <span class='ocrx_word' id='word_1_149' title='bbox 2090 1247 2123 1272; x_wconf 83' lang='lat'>15</span> 
     </span>
     <span class='ocr_line' id='line_1_17' title="bbox 365 1305 2067 1362; baseline -0.001 -14"><span class='ocrx_word' id='word_1_150' title='bbox 365 1308 508 1362; x_wconf 65' lang='lat' dir='ltr'>cupio,</span> <span class='ocrx_word' id='word_1_151' title='bbox 541 1323 565 1348; x_wconf 81' lang='lat' dir='ltr'>a</span> <span class='ocrx_word' id='word_1_152' title='bbox 597 1310 638 1348; x_wconf 92' lang='lat' dir='ltr'>te</span> <span class='ocrx_word' id='word_1_153' title='bbox 672 1309 785 1361; x_wconf 87' lang='lat' dir='ltr'>peto,</span> <span class='ocrx_word' id='word_1_154' title='bbox 818 1308 866 1347; x_wconf 93' lang='lat' dir='ltr'>ut</span> <span class='ocrx_word' id='word_1_155' title='bbox 897 1321 1015 1347; x_wconf 86' lang='lat' dir='ltr'>meas</span> <span class='ocrx_word' id='word_1_156' title='bbox 1048 1306 1228 1347; x_wconf 86' lang='lat' dir='ltr'>iniurias</span> <span class='ocrx_word' id='word_1_157' title='bbox 1261 1306 1441 1360; x_wconf 86' lang='lat' dir='ltr'>proinde</span> <span class='ocrx_word' id='word_1_158' title='bbox 1474 1306 1632 1360; x_wconf 89' lang='lat' dir='ltr'>doleas,</span> <span class='ocrx_word' id='word_1_159' title='bbox 1665 1308 1714 1346; x_wconf 88' lang='lat' dir='ltr'>ut</span> <span class='ocrx_word' id='word_1_160' title='bbox 1746 1320 1811 1346; x_wconf 88' lang='lat' dir='ltr'>me</span> <span class='ocrx_word' id='word_1_161' title='bbox 1845 1305 2067 1346; x_wconf 83' lang='lat' dir='ltr'>existimas</span> 
     </span>
     <span class='ocr_line' id='line_1_18' title="bbox 365 1377 1150 1419; baseline -0.003 0"><span class='ocrx_word' id='word_1_162' title='bbox 365 1381 408 1419; x_wconf 76' lang='lat' dir='ltr'>ct</span> <span class='ocrx_word' id='word_1_163' title='bbox 439 1378 582 1419; x_wconf 89' lang='lat' dir='ltr'>dolere</span> <span class='ocrx_word' id='word_1_164' title='bbox 615 1380 658 1418; x_wconf 88' lang='lat' dir='ltr'>et</span> <span class='ocrx_word' id='word_1_165' title='bbox 689 1377 838 1419; x_wconf 90' lang='lat' dir='ltr'>ulcisci</span> <span class='ocrx_word' id='word_1_166' title='bbox 871 1380 967 1418; x_wconf 90' lang='lat' dir='ltr'>tuas</span> <span class='ocrx_word' id='word_1_167' title='bbox 1002 1377 1150 1418; x_wconf 90' lang='lat' dir='ltr'>solere.</span> 
     </span>
    </p>
   </div>
   <div class='ocr_carea' id='block_1_3' title="bbox 898 1504 1538 1644">
    <p class='ocr_par' dir='ltr' id='par_1_4' title="bbox 898 1504 1538 1644">
     <span class='ocr_line' id='line_1_19' title="bbox 1064 1504 1370 1563; baseline -0.003 -15"><span class='ocrx_word' id='word_1_168' title='bbox 1064 1507 1186 1548; x_wconf 81' lang='lat' dir='ltr'>xm.</span> <span class='ocrx_word' id='word_1_169' title='bbox 1232 1504 1370 1563; x_wconf 78' lang='lat'>(132.)</span> 
     </span>
     <span class='ocr_line' id='line_1_20' title="bbox 898 1601 1538 1644; baseline -0.003 0"><span class='ocrx_word' id='word_1_170' title='bbox 898 1601 1149 1644; x_wconf 72' lang='lat' dir='ltr'>CAELIVs</span> <span class='ocrx_word' id='word_1_171' title='bbox 1184 1601 1463 1644; x_wconf 75' lang='lat' dir='ltr'>CICERONI</span> <span class='ocrx_word' id='word_1_172' title='bbox 1498 1601 1538 1643; x_wconf 87' lang='lat' dir='ltr'>s.</span> 
     </span>
    </p>
   </div>
   <div class='ocr_carea' id='block_1_4' title="bbox 321 1685 2122 2451">
    <p class='ocr_par' dir='ltr' id='par_1_5' title="bbox 321 1685 2122 2451">
     <span class='ocr_line' id='line_1_21' title="bbox 484 1685 2122 1740; baseline -0.001 -15"><span class='ocrx_word' id='word_1_173' title='bbox 484 1686 690 1727; x_wconf 78' lang='lat' dir='ltr'>Gratulor</span> <span class='ocrx_word' id='word_1_174' title='bbox 724 1685 800 1726; x_wconf 83' lang='lat' dir='ltr'>tibi</span> <span class='ocrx_word' id='word_1_175' title='bbox 837 1685 1060 1727; x_wconf 89' lang='lat' dir='ltr'>adfinitate</span> <span class='ocrx_word' id='word_1_176' title='bbox 1092 1685 1173 1726; x_wconf 83' lang='lat' dir='ltr'>viri</span> <span class='ocrx_word' id='word_1_177' title='bbox 1200 1685 1365 1726; x_wconf 89' lang='lat' dir='ltr'>medius</span> <span class='ocrx_word' id='word_1_178' title='bbox 1392 1685 1519 1726; x_wconf 88' lang='lat' dir='ltr'>fidius</span> <span class='ocrx_word' id='word_1_179' title='bbox 1547 1685 1719 1739; x_wconf 81' lang='lat' dir='ltr'>optimi3</span> <span class='ocrx_word' id='word_1_180' title='bbox 1751 1699 1851 1726; x_wconf 89' lang='lat' dir='ltr'>nam</span> <span class='ocrx_word' id='word_1_181' title='bbox 1877 1685 1959 1727; x_wconf 89' lang='lat' dir='ltr'>hoc</span> <span class='ocrx_word' id='word_1_182' title='bbox 1986 1699 2066 1740; x_wconf 84' lang='lat' dir='ltr'>ego</span> <span class='ocrx_word' id='word_1_183' title='bbox 2088 1701 2122 1725; x_wconf 82' lang='lat'>20</span> 
     </span>
     <span class='ocr_line' id='line_1_22' title="bbox 362 1755 2067 1811; baseline -0.001 -13"><span class='ocrx_word' id='word_1_184' title='bbox 362 1758 411 1798; x_wconf 89' lang='lat' dir='ltr'>de</span> <span class='ocrx_word' id='word_1_185' title='bbox 446 1757 520 1798; x_wconf 92' lang='lat' dir='ltr'>illo</span> <span class='ocrx_word' id='word_1_186' title='bbox 555 1757 773 1798; x_wconf 82' lang='lat' dir='ltr'>existimo:</span> <span class='ocrx_word' id='word_1_187' title='bbox 820 1759 962 1798; x_wconf 86' lang='lat' dir='ltr'>cetera</span> <span class='ocrx_word' id='word_1_188' title='bbox 994 1771 1135 1811; x_wconf 84' lang='lat' dir='ltr'>porro,</span> <span class='ocrx_word' id='word_1_189' title='bbox 1176 1756 1331 1811; x_wconf 89' lang='lat' dir='ltr'>quibus</span> <span class='ocrx_word' id='word_1_190' title='bbox 1366 1756 1505 1797; x_wconf 89' lang='lat' dir='ltr'>adhuc</span> <span class='ocrx_word' id='word_1_191' title='bbox 1538 1756 1609 1797; x_wconf 91' lang='lat' dir='ltr'>ille</span> <span class='ocrx_word' id='word_1_192' title='bbox 1643 1756 1728 1797; x_wconf 89' lang='lat' dir='ltr'>sibi</span> <span class='ocrx_word' id='word_1_193' title='bbox 1761 1770 1914 1810; x_wconf 82' lang='lat' dir='ltr'>parum</span> <span class='ocrx_word' id='word_1_194' title='bbox 1946 1755 2067 1797; x_wconf 88' lang='lat' dir='ltr'>utilis</span> 
     </span>
     <span class='ocr_line' id='line_1_23' title="bbox 363 1827 2067 1882; baseline 0 -14"><span class='ocrx_word' id='word_1_195' title='bbox 363 1827 463 1882; x_wconf 86' lang='lat' dir='ltr'>fuit,</span> <span class='ocrx_word' id='word_1_196' title='bbox 503 1830 546 1869; x_wconf 87' lang='lat' dir='ltr'>et</span> <span class='ocrx_word' id='word_1_197' title='bbox 580 1830 721 1869; x_wconf 84' lang='lat' dir='ltr'>aetate</span> <span class='ocrx_word' id='word_1_198' title='bbox 755 1827 840 1868; x_wconf 90' lang='lat' dir='ltr'>iam</span> <span class='ocrx_word' id='word_1_199' title='bbox 875 1831 975 1869; x_wconf 88' lang='lat' dir='ltr'>sunt</span> <span class='ocrx_word' id='word_1_200' title='bbox 1007 1828 1186 1869; x_wconf 87' lang='lat' dir='ltr'>decussa</span> <span class='ocrx_word' id='word_1_201' title='bbox 1219 1830 1261 1869; x_wconf 90' lang='lat' dir='ltr'>et</span> <span class='ocrx_word' id='word_1_202' title='bbox 1294 1827 1603 1869; x_wconf 88' lang='lat' dir='ltr'>consuetudine</span> <span class='ocrx_word' id='word_1_203' title='bbox 1644 1830 1772 1881; x_wconf 87' lang='lat' dir='ltr'>atque</span> <span class='ocrx_word' id='word_1_204' title='bbox 1806 1827 2067 1869; x_wconf 89' lang='lat' dir='ltr'>auctoritate</span> 
     </span>
     <span class='ocr_line' id='line_1_24' title="bbox 363 1898 2068 1953; baseline 0 -13"><span class='ocrx_word' id='word_1_205' title='bbox 363 1902 455 1953; x_wconf 90' lang='lat' dir='ltr'>tua,</span> <span class='ocrx_word' id='word_1_206' title='bbox 496 1899 657 1953; x_wconf 87' lang='lat' dir='ltr'>pudore</span> <span class='ocrx_word' id='word_1_207' title='bbox 697 1898 880 1953; x_wconf 87' lang='lat' dir='ltr'>Tulliae,</span> <span class='ocrx_word' id='word_1_208' title='bbox 923 1899 959 1940; x_wconf 91' lang='lat' dir='ltr'>si</span> <span class='ocrx_word' id='word_1_209' title='bbox 998 1913 1082 1953; x_wconf 89' lang='lat' dir='ltr'>qua</span> <span class='ocrx_word' id='word_1_210' title='bbox 1120 1899 1366 1953; x_wconf 86' lang='lat' dir='ltr'>restabunt,</span> <span class='ocrx_word' id='word_1_211' title='bbox 1405 1898 1572 1939; x_wconf 87' lang='lat' dir='ltr'>confido</span> <span class='ocrx_word' id='word_1_212' title='bbox 1614 1898 1809 1939; x_wconf 88' lang='lat' dir='ltr'>celeriter</span> <span class='ocrx_word' id='word_1_213' title='bbox 1848 1898 2068 1940; x_wconf 90' lang='lat' dir='ltr'>sublatum</span> 
     </span>
     <span class='ocr_line' id='line_1_25' title="bbox 362 1969 2067 2025; baseline 0 -15"><span class='ocrx_word' id='word_1_214' title='bbox 362 1969 434 2023; x_wconf 82' lang='lat' dir='ltr'>iri3</span> <span class='ocrx_word' id='word_1_215' title='bbox 466 1984 553 2025; x_wconf 86' lang='lat' dir='ltr'>non</span> <span class='ocrx_word' id='word_1_216' title='bbox 587 1972 651 2010; x_wconf 91' lang='lat' dir='ltr'>est</span> <span class='ocrx_word' id='word_1_217' title='bbox 685 1970 798 2010; x_wconf 90' lang='lat' dir='ltr'>enim</span> <span class='ocrx_word' id='word_1_218' title='bbox 829 1984 1003 2025; x_wconf 80' lang='lat' dir='ltr'>pugnax</span> <span class='ocrx_word' id='word_1_219' title='bbox 1035 1969 1079 2010; x_wconf 92' lang='lat' dir='ltr'>in</span> <span class='ocrx_word' id='word_1_220' title='bbox 1111 1969 1228 2010; x_wconf 86' lang='lat' dir='ltr'>vitiis</span> <span class='ocrx_word' id='word_1_221' title='bbox 1261 1983 1400 2023; x_wconf 87' lang='lat' dir='ltr'>neque</span> <span class='ocrx_word' id='word_1_222' title='bbox 1432 1969 1564 2010; x_wconf 85' lang='lat' dir='ltr'>hebes</span> <span class='ocrx_word' id='word_1_223' title='bbox 1599 1969 1650 2009; x_wconf 88' lang='lat' dir='ltr'>ad</span> <span class='ocrx_word' id='word_1_224' title='bbox 1684 1969 1739 2023; x_wconf 84' lang='lat' dir='ltr'>id,</span> <span class='ocrx_word' id='word_1_225' title='bbox 1773 1969 1886 2023; x_wconf 86' lang='lat' dir='ltr'>quod</span> <span class='ocrx_word' id='word_1_226' title='bbox 1912 1969 2067 2010; x_wconf 89' lang='lat' dir='ltr'>melius</span> 
     </span>
     <span class='ocr_line' id='line_1_26' title="bbox 364 2039 2119 2096; baseline 0.001 -15"><span class='ocrx_word' id='word_1_227' title='bbox 364 2041 438 2094; x_wconf 88' lang='lat' dir='ltr'>sit,</span> <span class='ocrx_word' id='word_1_228' title='bbox 483 2040 830 2096; x_wconf 83' lang='lat' dir='ltr'>intellegendum.</span> <span class='ocrx_word' id='word_1_229' title='bbox 894 2040 1045 2082; x_wconf 89' lang='lat' dir='ltr'>deinde</span> <span class='ocrx_word' id='word_1_230' title='bbox 1086 2065 1144 2069; x_wconf 90' lang='lat'>——</span> <span class='ocrx_word' id='word_1_231' title='bbox 1186 2040 1299 2095; x_wconf 88' lang='lat' dir='ltr'>quod</span> <span class='ocrx_word' id='word_1_232' title='bbox 1341 2040 1577 2081; x_wconf 88' lang='lat' dir='ltr'>maximum</span> <span class='ocrx_word' id='word_1_233' title='bbox 1619 2042 1684 2081; x_wconf 90' lang='lat' dir='ltr'>est</span> <span class='ocrx_word' id='word_1_234' title='bbox 1726 2064 1779 2069; x_wconf 91' lang='lat'>—</span> <span class='ocrx_word' id='word_1_235' title='bbox 1819 2054 1900 2095; x_wconf 84' lang='lat' dir='ltr'>ego</span> <span class='ocrx_word' id='word_1_236' title='bbox 1942 2039 2066 2082; x_wconf 92' lang='lat' dir='ltr'>illum</span> <span class='ocrx_word' id='word_1_237' title='bbox 2085 2056 2119 2082; x_wconf 78' lang='lat'>25</span> 
     </span>
     <span class='ocr_line' id='line_1_27' title="bbox 321 2110 2067 2166; baseline 0.001 -14"><span class='ocrx_word' id='word_1_238' title='bbox 321 2130 338 2152; x_wconf 62' lang='grc' dir='ltr'>ι</span> <span class='ocrx_word' id='word_1_239' title='bbox 366 2112 488 2153; x_wconf 89' lang='lat' dir='ltr'>valde</span> <span class='ocrx_word' id='word_1_240' title='bbox 521 2126 629 2152; x_wconf 90' lang='lat' dir='ltr'>amo.</span> <span class='ocrx_word' id='word_1_241' title='bbox 692 2112 822 2166; x_wconf 81' lang='lat' dir='ltr'>voles,</span> <span class='ocrx_word' id='word_1_242' title='bbox 855 2111 1017 2165; x_wconf 84' lang='lat' dir='ltr'>Cicero,</span> <span class='ocrx_word' id='word_1_243' title='bbox 1051 2110 1282 2152; x_wconf 83' lang='lat' dir='ltr'>Curionem</span> <span class='ocrx_word' id='word_1_244' title='bbox 1312 2113 1511 2152; x_wconf 89' lang='lat' dir='ltr'>nostrum</span> <span class='ocrx_word' id='word_1_245' title='bbox 1543 2111 1712 2152; x_wconf 89' lang='lat' dir='ltr'>lautum</span> <span class='ocrx_word' id='word_1_246' title='bbox 1744 2111 2067 2153; x_wconf 86' lang='lat' dir='ltr'>intercessionis</span> 
     </span>
     <span class='ocr_line' id='line_1_28' title="bbox 366 2181 2068 2237; baseline 0 -14"><span class='ocrx_word' id='word_1_247' title='bbox 366 2183 415 2224; x_wconf 87' lang='lat' dir='ltr'>de</span> <span class='ocrx_word' id='word_1_248' title='bbox 447 2181 681 2237; x_wconf 85' lang='lat' dir='ltr'>provinciis</span> <span class='ocrx_word' id='word_1_249' title='bbox 716 2183 878 2224; x_wconf 85' lang='lat' dir='ltr'>exitum</span> <span class='ocrx_word' id='word_1_250' title='bbox 910 2183 1131 2224; x_wconf 85' lang='lat' dir='ltr'>habuisse:</span> <span class='ocrx_word' id='word_1_251' title='bbox 1172 2197 1292 2237; x_wconf 86' lang='lat' dir='ltr'>nam,</span> <span class='ocrx_word' id='word_1_252' title='bbox 1325 2196 1421 2224; x_wconf 88' lang='lat' dir='ltr'>cum</span> <span class='ocrx_word' id='word_1_253' title='bbox 1453 2182 1564 2236; x_wconf 84' lang='lat' dir='ltr'>&lt;de&gt;</span> <span class='ocrx_word' id='word_1_254' title='bbox 1596 2182 1904 2223; x_wconf 88' lang='lat' dir='ltr'>intercessione</span> <span class='ocrx_word' id='word_1_255' title='bbox 1936 2181 2068 2223; x_wconf 87' lang='lat' dir='ltr'>refer-</span> 
     </span>
     <span class='ocr_line' id='line_1_29' title="bbox 365 2251 2067 2308; baseline -0.001 -13"><span class='ocrx_word' id='word_1_256' title='bbox 365 2256 495 2308; x_wconf 85' lang='lat' dir='ltr'>retur,</span> <span class='ocrx_word' id='word_1_257' title='bbox 529 2269 637 2308; x_wconf 87' lang='lat' dir='ltr'>quae</span> <span class='ocrx_word' id='word_1_258' title='bbox 665 2254 817 2295; x_wconf 88' lang='lat' dir='ltr'>relatio</span> <span class='ocrx_word' id='word_1_259' title='bbox 846 2255 979 2295; x_wconf 84' lang='lat' dir='ltr'>fiebat</span> <span class='ocrx_word' id='word_1_260' title='bbox 1005 2269 1056 2295; x_wconf 88' lang='lat' dir='ltr'>ex</span> <span class='ocrx_word' id='word_1_261' title='bbox 1083 2255 1256 2295; x_wconf 90' lang='lat' dir='ltr'>senatus</span> <span class='ocrx_word' id='word_1_262' title='bbox 1290 2253 1501 2308; x_wconf 86' lang='lat' dir='ltr'>consulto,</span> <span class='ocrx_word' id='word_1_263' title='bbox 1533 2253 1756 2307; x_wconf 86' lang='lat' dir='ltr'>primaque</span> <span class='ocrx_word' id='word_1_264' title='bbox 1789 2252 1845 2294; x_wconf 91' lang='lat' dir='ltr'>M.</span> <span class='ocrx_word' id='word_1_265' title='bbox 1871 2251 2067 2295; x_wconf 86' lang='lat' dir='ltr'>Marcelli</span> 
     </span>
     <span class='ocr_line' id='line_1_30' title="bbox 365 2323 2067 2380; baseline 0 -15"><span class='ocrx_word' id='word_1_266' title='bbox 365 2325 580 2366; x_wconf 84' lang='lat' dir='ltr'>sententia</span> <span class='ocrx_word' id='word_1_267' title='bbox 612 2325 894 2379; x_wconf 89' lang='lat' dir='ltr'>pronuntiata</span> <span class='ocrx_word' id='word_1_268' title='bbox 926 2329 1051 2380; x_wconf 81' lang='lat' dir='ltr'>esset,</span> <span class='ocrx_word' id='word_1_269' title='bbox 1085 2325 1157 2379; x_wconf 90' lang='lat' dir='ltr'>qui</span> <span class='ocrx_word' id='word_1_270' title='bbox 1185 2325 1395 2380; x_wconf 83' lang='lat' dir='ltr'>agendum</span> <span class='ocrx_word' id='word_1_271' title='bbox 1426 2339 1522 2366; x_wconf 89' lang='lat' dir='ltr'>cum</span> <span class='ocrx_word' id='word_1_272' title='bbox 1555 2323 1742 2365; x_wconf 86' lang='lat' dir='ltr'>tribunis</span> <span class='ocrx_word' id='word_1_273' title='bbox 1769 2324 1826 2378; x_wconf 88' lang='lat' dir='ltr'>pl.</span> <span class='ocrx_word' id='word_1_274' title='bbox 1853 2324 2067 2378; x_wconf 86' lang='lat' dir='ltr'>censebat,</span> 
     </span>
     <span class='ocr_line' id='line_1_31' title="bbox 363 2394 2120 2451; baseline 0 -15"><span class='ocrx_word' id='word_1_275' title='bbox 363 2396 562 2451; x_wconf 68' lang='lat' dir='ltr'>frequens</span> <span class='ocrx_word' id='word_1_276' title='bbox 596 2400 770 2438; x_wconf 90' lang='lat' dir='ltr'>senatus</span> <span class='ocrx_word' id='word_1_277' title='bbox 803 2395 848 2438; x_wconf 91' lang='lat' dir='ltr'>in</span> <span class='ocrx_word' id='word_1_278' title='bbox 881 2397 965 2438; x_wconf 88' lang='lat' dir='ltr'>alia</span> <span class='ocrx_word' id='word_1_279' title='bbox 993 2397 1137 2438; x_wconf 83' lang='lat' dir='ltr'>omnia</span> <span class='ocrx_word' id='word_1_280' title='bbox 1162 2396 1214 2437; x_wconf 85' lang='lat' dir='ltr'>iit</span> <span class='ocrx_word' id='word_1_281' title='bbox 1244 2421 1302 2425; x_wconf 88' lang='lat'>-—</span> <span class='ocrx_word' id='word_1_282' title='bbox 1336 2396 1607 2437; x_wconf 86' lang='lat' dir='ltr'>stomachost</span> <span class='ocrx_word' id='word_1_283' title='bbox 1643 2395 1808 2437; x_wconf 89' lang='lat' dir='ltr'>scilicet</span> <span class='ocrx_word' id='word_1_284' title='bbox 1833 2394 2065 2450; x_wconf 86' lang='lat' dir='ltr'>Pompeius</span> <span class='ocrx_word' id='word_1_285' title='bbox 2085 2411 2120 2436; x_wconf 87' lang='lat'>30</span> 
     </span>
    </p>
   </div>
   <div class='ocr_carea' id='block_1_5' title="bbox 363 2522 2067 3134">
    <p class='ocr_par' dir='ltr' id='par_1_6' title="bbox 363 2522 2067 3134">
     <span class='ocr_line' id='line_1_32' title="bbox 482 2522 2066 2570; baseline -0.001 -12"><span class='ocrx_word' id='word_1_286' title='bbox 482 2529 512 2559; x_wconf 87' lang='lat'>1.</span> <span class='ocrx_word' id='word_1_287' title='bbox 541 2524 714 2559; x_wconf 84' lang='lat' dir='ltr'>scanduit</span> <span class='ocrx_word' id='word_1_288' title='bbox 740 2526 777 2559; x_wconf 90' lang='lat' dir='ltr'>et</span> <span class='ocrx_word' id='word_1_289' title='bbox 801 2536 859 2559; x_wconf 92' lang='lat' dir='ltr'>me</span> <span class='ocrx_word' id='word_1_290' title='bbox 886 2536 999 2560; x_wconf 88' lang='lat' dir='ltr'>causa</span> <span class='ocrx_word' id='word_1_291' title='bbox 1026 2526 1074 2559; x_wconf 77' lang='lat' dir='ltr'>JlI</span> <span class='ocrx_word' id='word_1_292' title='bbox 1097 2527 1107 2570; x_wconf 81' lang='grc' dir='ltr'>ΙΙ</span> <span class='ocrx_word' id='word_1_293' title='bbox 1141 2529 1172 2560; x_wconf 86' lang='lat'>3.</span> <span class='ocrx_word' id='word_1_294' title='bbox 1200 2535 1384 2559; x_wconf 87' lang='lat' dir='ltr'>arcessere</span> <span class='ocrx_word' id='word_1_295' title='bbox 1412 2536 1432 2562; x_wconf 82' lang='grc' dir='ltr'><strong><em>ς</em></strong></span> <span class='ocrx_word' id='word_1_296' title='bbox 1458 2526 1469 2568; x_wconf 81' lang='grc' dir='ltr'>Η</span> <span class='ocrx_word' id='word_1_297' title='bbox 1494 2523 1622 2568; x_wconf 84' lang='lat' dir='ltr'>palam</span> <span class='ocrx_word' id='word_1_298' title='bbox 1649 2522 1811 2558; x_wconf 88' lang='lat' dir='ltr'>seruium</span> <span class='ocrx_word' id='word_1_299' title='bbox 1837 2523 1886 2557; x_wconf 90' lang='lat' dir='ltr'><em>M</em></span> <span class='ocrx_word' id='word_1_300' title='bbox 1906 2525 1916 2568; x_wconf 89' lang='grc' dir='ltr'>ΙΙ</span> <span class='ocrx_word' id='word_1_301' title='bbox 1942 2528 1974 2558; x_wconf 86' lang='grc'>4.</span> <span class='ocrx_word' id='word_1_302' title='bbox 2002 2522 2066 2558; x_wconf 79' lang='lat' dir='ltr'>do-</span> 
     </span>
     <span class='ocr_line' id='line_1_33' title="bbox 364 2570 2064 2619; baseline 0.001 -14"><span class='ocrx_word' id='word_1_303' title='bbox 364 2571 445 2606; x_wconf 85' lang='lat' dir='ltr'>miti</span> <span class='ocrx_word' id='word_1_304' title='bbox 472 2572 520 2606; x_wconf 89' lang='lat' dir='ltr'><em>M</em></span> <span class='ocrx_word' id='word_1_305' title='bbox 540 2574 550 2616; x_wconf 78' lang='grc' dir='ltr'>ΙΙ</span> <span class='ocrx_word' id='word_1_306' title='bbox 578 2577 608 2606; x_wconf 82' lang='grc'>5.</span> <span class='ocrx_word' id='word_1_307' title='bbox 634 2572 729 2616; x_wconf 69' lang='lat' dir='ltr'>ulla]</span> <span class='ocrx_word' id='word_1_308' title='bbox 757 2572 832 2607; x_wconf 90' lang='lat' dir='ltr'>alia</span> <span class='ocrx_word' id='word_1_309' title='bbox 858 2574 1036 2619; x_wconf 71' lang='lat' dir='ltr'>Pluyyers</span> <span class='ocrx_word' id='word_1_310' title='bbox 1063 2574 1096 2615; x_wconf 90' lang='lat'>(1</span> <span class='ocrx_word' id='word_1_311' title='bbox 1121 2585 1158 2617; x_wconf 74' lang='lat' dir='ltr'>p.</span> <span class='ocrx_word' id='word_1_312' title='bbox 1180 2574 1276 2616; x_wconf 69' lang='lat'>⁶379),</span> <span class='ocrx_word' id='word_1_313' title='bbox 1311 2571 1389 2606; x_wconf 87' lang='lat' dir='ltr'>ulla</span> <span class='ocrx_word' id='word_1_314' title='bbox 1416 2570 1549 2619; x_wconf 77' lang='lat' dir='ltr'>(alia)</span> <span class='ocrx_word' id='word_1_315' title='bbox 1576 2573 1630 2607; x_wconf 80' lang='lat' dir='ltr'>vel</span> <span class='ocrx_word' id='word_1_316' title='bbox 1656 2570 1789 2618; x_wconf 83' lang='lat' dir='ltr'>&lt;alia&gt;</span> <span class='ocrx_word' id='word_1_317' title='bbox 1815 2570 1895 2605; x_wconf 86' lang='lat' dir='ltr'>ulla</span> <span class='ocrx_word' id='word_1_318' title='bbox 1922 2571 2064 2606; x_wconf 73' lang='lat' dir='ltr'>Wesen—</span> 
     </span>
     <span class='ocr_line' id='line_1_34' title="bbox 364 2618 2064 2667; baseline 0 -14"><span class='ocrx_word' id='word_1_319' title='bbox 364 2621 444 2665; x_wconf 66' lang='lat' dir='ltr'>berg]</span> <span class='ocrx_word' id='word_1_320' title='bbox 469 2621 480 2663; x_wconf 77' lang='grc' dir='ltr'>Η</span> <span class='ocrx_word' id='word_1_321' title='bbox 505 2620 659 2663; x_wconf 84' lang='lat' dir='ltr'>poneret</span> <span class='ocrx_word' id='word_1_322' title='bbox 686 2620 734 2653; x_wconf 84' lang='lat' dir='ltr'><em>M</em></span> <span class='ocrx_word' id='word_1_323' title='bbox 761 2621 772 2663; x_wconf 79' lang='grc' dir='ltr'>[Ι</span> <span class='ocrx_word' id='word_1_324' title='bbox 804 2625 834 2655; x_wconf 77' lang='grc'>6.</span> <span class='ocrx_word' id='word_1_325' title='bbox 863 2631 936 2664; x_wconf 84' lang='lat' dir='ltr'>qua</span> <span class='ocrx_word' id='word_1_326' title='bbox 964 2620 1093 2667; x_wconf 83' lang='lat' dir='ltr'>&lt;ipsi&gt;</span> <span class='ocrx_word' id='word_1_327' title='bbox 1121 2619 1243 2654; x_wconf 87' lang='lat' dir='ltr'>dicere</span> <span class='ocrx_word' id='word_1_328' title='bbox 1270 2620 1420 2655; x_wconf 71' lang='lat' dir='ltr'>Ernesti</span> <span class='ocrx_word' id='word_1_329' title='bbox 1448 2620 1459 2663; x_wconf 81' lang='grc' dir='ltr'>Η</span> <span class='ocrx_word' id='word_1_330' title='bbox 1490 2618 1781 2653; x_wconf 84' lang='lat' dir='ltr'>insolentissime</span> <span class='ocrx_word' id='word_1_331' title='bbox 1807 2619 1861 2662; x_wconf 89' lang='lat' dir='ltr'>M,</span> <span class='ocrx_word' id='word_1_332' title='bbox 1888 2619 1971 2662; x_wconf 73' lang='lat' dir='ltr'>fort.</span> <span class='ocrx_word' id='word_1_333' title='bbox 1994 2630 2064 2662; x_wconf 80' lang='lat' dir='ltr'>pro</span> 
     </span>
     <span class='ocr_line' id='line_1_35' title="bbox 364 2664 2061 2713; baseline 0 -14"><span class='ocrx_word' id='word_1_334' title='bbox 364 2666 452 2700; x_wconf 84' lang='lat' dir='ltr'>-mei</span> <span class='ocrx_word' id='word_1_335' title='bbox 480 2668 490 2709; x_wconf 76' lang='lat' dir='ltr'>ss</span> <span class='ocrx_word' id='word_1_336' title='bbox 523 2671 554 2702; x_wconf 82' lang='lat' dir='ltr'>S.</span> <span class='ocrx_word' id='word_1_337' title='bbox 582 2668 757 2701; x_wconf 87' lang='lat' dir='ltr'>curarunt</span> <span class='ocrx_word' id='word_1_338' title='bbox 785 2668 994 2713; x_wconf 70' lang='lat' dir='ltr'>lVesenbery</span> <span class='ocrx_word' id='word_1_339' title='bbox 1019 2670 1030 2712; x_wconf 79' lang='grc' dir='ltr'>Η</span> <span class='ocrx_word' id='word_1_340' title='bbox 1055 2667 1164 2711; x_wconf 87' lang='lat' dir='ltr'>polae</span> <span class='ocrx_word' id='word_1_341' title='bbox 1191 2667 1338 2702; x_wconf 88' lang='lat' dir='ltr'>locutus</span> <span class='ocrx_word' id='word_1_342' title='bbox 1366 2667 1414 2701; x_wconf 86' lang='lat' dir='ltr'><strong><em>M</em></strong></span> <span class='ocrx_word' id='word_1_343' title='bbox 1439 2668 1450 2711; x_wconf 80' lang='grc' dir='ltr'>ΙΙ</span> <span class='ocrx_word' id='word_1_344' title='bbox 1483 2670 1513 2701; x_wconf 83' lang='grc'>9.</span> <span class='ocrx_word' id='word_1_345' title='bbox 1541 2666 1699 2701; x_wconf 85' lang='lat' dir='ltr'>eandem</span> <span class='ocrx_word' id='word_1_346' title='bbox 1724 2666 1774 2700; x_wconf 86' lang='lat' dir='ltr'><em>M</em></span> <span class='ocrx_word' id='word_1_347' title='bbox 1799 2667 1810 2711; x_wconf 80' lang='grc' dir='ltr'>ΙΙ</span> <span class='ocrx_word' id='word_1_348' title='bbox 1842 2669 1896 2699; x_wconf 92' lang='grc'>11.</span> <span class='ocrx_word' id='word_1_349' title='bbox 1925 2664 2061 2699; x_wconf 87' lang='lat' dir='ltr'>saccel-</span> 
     </span>
     <span class='ocr_line' id='line_1_36' title="bbox 363 2712 2056 2760; baseline 0 -14"><span class='ocrx_word' id='word_1_350' title='bbox 363 2713 438 2747; x_wconf 87' lang='lat' dir='ltr'>lum</span> <span class='ocrx_word' id='word_1_351' title='bbox 466 2714 513 2747; x_wconf 83' lang='lat' dir='ltr'><em>M</em></span> <span class='ocrx_word' id='word_1_352' title='bbox 540 2716 550 2758; x_wconf 88' lang='grc' dir='ltr'>ΙΙ</span> <span class='ocrx_word' id='word_1_353' title='bbox 585 2718 636 2748; x_wconf 79' lang='lat'>12.</span> <span class='ocrx_word' id='word_1_354' title='bbox 664 2715 737 2760; x_wconf 86' lang='lat' dir='ltr'>me]</span> <span class='ocrx_word' id='word_1_355' title='bbox 764 2726 810 2749; x_wconf 88' lang='lat' dir='ltr'>ne</span> <span class='ocrx_word' id='word_1_356' title='bbox 837 2716 885 2749; x_wconf 80' lang='lat' dir='ltr'><em>M</em></span> <span class='ocrx_word' id='word_1_357' title='bbox 911 2717 922 2759; x_wconf 76' lang='grc' dir='ltr'>Η</span> <span class='ocrx_word' id='word_1_358' title='bbox 956 2719 1010 2750; x_wconf 85' lang='grc'>14.</span> <span class='ocrx_word' id='word_1_359' title='bbox 1038 2714 1117 2749; x_wconf 87' lang='lat' dir='ltr'>dies</span> <span class='ocrx_word' id='word_1_360' title='bbox 1143 2727 1208 2749; x_wconf 82' lang='lat' dir='ltr'>om.</span> <span class='ocrx_word' id='word_1_361' title='bbox 1238 2715 1285 2748; x_wconf 84' lang='lat' dir='ltr'><em>M</em></span> <span class='ocrx_word' id='word_1_362' title='bbox 1305 2716 1317 2758; x_wconf 79' lang='grc' dir='ltr'>ΙΙ</span> <span class='ocrx_word' id='word_1_363' title='bbox 1347 2713 1507 2748; x_wconf 85' lang='lat' dir='ltr'>scribam</span> <span class='ocrx_word' id='word_1_364' title='bbox 1532 2713 1658 2748; x_wconf 85' lang='lat' dir='ltr'>nescio</span> <span class='ocrx_word' id='word_1_365' title='bbox 1684 2714 1738 2748; x_wconf 73' lang='lat' dir='ltr'>bis</span> <span class='ocrx_word' id='word_1_366' title='bbox 1763 2714 1899 2757; x_wconf 76' lang='lat' dir='ltr'>scripta</span> <span class='ocrx_word' id='word_1_367' title='bbox 1924 2713 1965 2746; x_wconf 71' lang='lat' dir='ltr'>in</span> <span class='ocrx_word' id='word_1_368' title='bbox 1991 2712 2040 2746; x_wconf 88' lang='lat' dir='ltr'><em>M</em></span> <span class='ocrx_word' id='word_1_369' title='bbox 2054 2713 2056 2726; x_wconf 82' lang='lat'>³</span> 
     </span>
     <span class='ocr_line' id='line_1_37' title="bbox 367 2760 2067 2808; baseline 0.001 -15"><span class='ocrx_word' id='word_1_370' title='bbox 367 2764 417 2794; x_wconf 71' lang='lat'>13</span> <span class='ocrx_word' id='word_1_371' title='bbox 460 2760 483 2806; x_wconf 89' lang='grc'><strong><em>&lt;</em></strong></span> <span class='ocrx_word' id='word_1_372' title='bbox 489 2760 748 2808; x_wconf 86' lang='lat' dir='ltr'>comitiorum&gt;</span> <span class='ocrx_word' id='word_1_373' title='bbox 792 2763 890 2806; x_wconf 78' lang='lat' dir='ltr'>(add.</span> <span class='ocrx_word' id='word_1_374' title='bbox 926 2763 1078 2806; x_wconf 67' lang='lat' dir='ltr'>lVeis-lce)</span> <span class='ocrx_word' id='word_1_375' title='bbox 1128 2761 1227 2796; x_wconf 88' lang='lat' dir='ltr'>diem</span> <span class='ocrx_word' id='word_1_376' title='bbox 1271 2761 1396 2796; x_wconf 87' lang='lat' dir='ltr'>timori</span> <span class='ocrx_word' id='word_1_377' title='bbox 1433 2772 1522 2796; x_wconf 82' lang='lat' dir='ltr'>esse.</span> <span class='ocrx_word' id='word_1_378' title='bbox 1579 2763 1616 2795; x_wconf 85' lang='lat' dir='ltr'>te</span> <span class='ocrx_word' id='word_1_379' title='bbox 1655 2761 1854 2802; x_wconf 71' lang='lat' dir='ltr'>Victorius,</span> <span class='ocrx_word' id='word_1_380' title='bbox 1898 2764 1988 2794; x_wconf 79' lang='lat' dir='ltr'>recte</span> <span class='ocrx_word' id='word_1_381' title='bbox 2025 2764 2067 2794; x_wconf 78' lang='lat' dir='ltr'>ut</span> 
     </span>
     <span class='ocr_line' id='line_1_38' title="bbox 367 2805 2065 2854; baseline -0.001 -13"><span class='ocrx_word' id='word_1_382' title='bbox 367 2809 505 2842; x_wconf 69' lang='lat' dir='ltr'>ridetur</span> <span class='ocrx_word' id='word_1_383' title='bbox 542 2809 600 2852; x_wconf 81' lang='lat' dir='ltr'>(cf.</span> <span class='ocrx_word' id='word_1_384' title='bbox 635 2809 834 2853; x_wconf 56' lang='lat' dir='ltr'>aS&#39;ternlcopf</span> <span class='ocrx_word' id='word_1_385' title='bbox 867 2810 1020 2854; x_wconf 60' lang='lat' dir='ltr'>‘quaest</span> <span class='ocrx_word' id='word_1_386' title='bbox 1061 2810 1232 2844; x_wconf 52' lang='lat' dir='ltr'>chronol)</span> <span class='ocrx_word' id='word_1_387' title='bbox 1276 2811 1375 2853; x_wconf 75' lang='lat' dir='ltr'>(diss.</span> <span class='ocrx_word' id='word_1_388' title='bbox 1410 2809 1531 2844; x_wconf 82' lang='lat' dir='ltr'>Marb.</span> <span class='ocrx_word' id='word_1_389' title='bbox 1566 2809 1672 2852; x_wconf 82' lang='lat'>1884)</span> <span class='ocrx_word' id='word_1_390' title='bbox 1700 2820 1739 2852; x_wconf 73' lang='lat' dir='ltr'>p.</span> <span class='ocrx_word' id='word_1_391' title='bbox 1767 2810 1812 2840; x_wconf 80' lang='lat'>24</span> <span class='ocrx_word' id='word_1_392' title='bbox 1831 2808 1907 2851; x_wconf 56' lang='lat' dir='ltr'>sq).</span> <span class='ocrx_word' id='word_1_393' title='bbox 1966 2805 2065 2841; x_wconf 84' lang='lat' dir='ltr'>diem</span> 
     </span>
     <span class='ocr_line' id='line_1_39' title="bbox 366 2854 2064 2902; baseline 0.001 -15"><span class='ocrx_word' id='word_1_394' title='bbox 366 2855 530 2889; x_wconf 71' lang='lat' dir='ltr'>tumor-ae</span> <span class='ocrx_word' id='word_1_395' title='bbox 557 2856 613 2889; x_wconf 89' lang='lat' dir='ltr'>est</span> <span class='ocrx_word' id='word_1_396' title='bbox 640 2856 687 2889; x_wconf 81' lang='lat' dir='ltr'><em>M</em></span> <span class='ocrx_word' id='word_1_397' title='bbox 707 2858 718 2900; x_wconf 80' lang='grc' dir='ltr'>Η</span> <span class='ocrx_word' id='word_1_398' title='bbox 746 2859 798 2891; x_wconf 84' lang='grc'>17.</span> <span class='ocrx_word' id='word_1_399' title='bbox 827 2856 959 2902; x_wconf 85' lang='lat' dir='ltr'>solere]</span> <span class='ocrx_word' id='word_1_400' title='bbox 989 2867 1110 2891; x_wconf 80' lang='lat' dir='ltr'>sorore</span> <span class='ocrx_word' id='word_1_401' title='bbox 1138 2857 1186 2890; x_wconf 73' lang='lat' dir='ltr'><em>M</em></span> <span class='ocrx_word' id='word_1_402' title='bbox 1209 2858 1220 2901; x_wconf 80' lang='grc' dir='ltr'>Η</span> <span class='ocrx_word' id='word_1_403' title='bbox 1249 2860 1304 2891; x_wconf 79' lang='lat'>20.</span> <span class='ocrx_word' id='word_1_404' title='bbox 1333 2855 1568 2890; x_wconf 87' lang='lat' dir='ltr'>adfinitatem</span> <span class='ocrx_word' id='word_1_405' title='bbox 1593 2856 1808 2896; x_wconf 70' lang='lat' dir='ltr'>Lambinus,</span> <span class='ocrx_word' id='word_1_406' title='bbox 1833 2854 1917 2896; x_wconf 77' lang='lat' dir='ltr'>fort.</span> <span class='ocrx_word' id='word_1_407' title='bbox 1944 2858 2035 2888; x_wconf 77' lang='lat' dir='ltr'>recte</span> <span class='ocrx_word' id='word_1_408' title='bbox 2054 2854 2064 2859; x_wconf 78' lang='grc'><em>”</em></span> 
     </span>
     <span class='ocr_line' id='line_1_40' title="bbox 366 2900 2067 2948; baseline 0.002 -15"><span class='ocrx_word' id='word_1_409' title='bbox 366 2905 420 2935; x_wconf 74' lang='grc'>2-2.</span> <span class='ocrx_word' id='word_1_410' title='bbox 449 2902 603 2936; x_wconf 86' lang='lat' dir='ltr'>decussa</span> <span class='ocrx_word' id='word_1_411' title='bbox 631 2903 799 2938; x_wconf 71' lang='lat' dir='ltr'>Colueius</span> <span class='ocrx_word' id='word_1_412' title='bbox 825 2904 1032 2946; x_wconf 72' lang='lat' dir='ltr'>Salutatus,</span> <span class='ocrx_word' id='word_1_413' title='bbox 1068 2904 1114 2938; x_wconf 89' lang='lat' dir='ltr'>de</span> <span class='ocrx_word' id='word_1_414' title='bbox 1146 2915 1261 2938; x_wconf 83' lang='lat' dir='ltr'>causa</span> <span class='ocrx_word' id='word_1_415' title='bbox 1287 2904 1335 2937; x_wconf 76' lang='lat' dir='ltr'><em>M</em></span> <span class='ocrx_word' id='word_1_416' title='bbox 1360 2905 1371 2947; x_wconf 80' lang='grc' dir='ltr'>ΙΙ</span> <span class='ocrx_word' id='word_1_417' title='bbox 1403 2907 1457 2938; x_wconf 77' lang='lat'>24.</span> <span class='ocrx_word' id='word_1_418' title='bbox 1490 2901 1656 2948; x_wconf 84' lang='lat' dir='ltr'>pugnax]</span> <span class='ocrx_word' id='word_1_419' title='bbox 1689 2900 1861 2945; x_wconf 81' lang='lat' dir='ltr'>pertinax</span> <span class='ocrx_word' id='word_1_420' title='bbox 1886 2901 2067 2946; x_wconf 64' lang='lat' dir='ltr'>PIuygyms</span> 
     </span>
     <span class='ocr_line' id='line_1_41' title="bbox 367 2947 2040 2996; baseline 0.001 -16"><span class='ocrx_word' id='word_1_421' title='bbox 367 2952 398 2989; x_wconf 61' lang='grc'>(1</span> <span class='ocrx_word' id='word_1_422' title='bbox 423 2961 458 2992; x_wconf 59' lang='grc' dir='ltr'>[ι.</span> <span class='ocrx_word' id='word_1_423' title='bbox 481 2950 562 2991; x_wconf 71' lang='grc'>279)</span> <span class='ocrx_word' id='word_1_424' title='bbox 595 2951 605 2993; x_wconf 70' lang='grc' dir='ltr'>Η</span> <span class='ocrx_word' id='word_1_425' title='bbox 636 2949 767 2995; x_wconf 66' lang='lat' dir='ltr'>hebes]</span> <span class='ocrx_word' id='word_1_426' title='bbox 795 2950 912 2984; x_wconf 88' lang='lat' dir='ltr'>habes</span> <span class='ocrx_word' id='word_1_427' title='bbox 938 2951 987 2984; x_wconf 82' lang='lat' dir='ltr'><em>M</em></span> <span class='ocrx_word' id='word_1_428' title='bbox 1012 2953 1023 2995; x_wconf 81' lang='grc' dir='ltr'>Η</span> <span class='ocrx_word' id='word_1_429' title='bbox 1055 2954 1110 2985; x_wconf 77' lang='lat'>25.</span> <span class='ocrx_word' id='word_1_430' title='bbox 1139 2951 1202 2996; x_wconf 82' lang='lat' dir='ltr'>sit]</span> <span class='ocrx_word' id='word_1_431' title='bbox 1230 2952 1287 2985; x_wconf 87' lang='lat' dir='ltr'>est</span> <span class='ocrx_word' id='word_1_432' title='bbox 1313 2951 1524 2995; x_wconf 63' lang='lat' dir='ltr'>lVesenbergJ</span> <span class='ocrx_word' id='word_1_433' title='bbox 1555 2951 1566 2993; x_wconf 82' lang='grc' dir='ltr'>Η</span> <span class='ocrx_word' id='word_1_434' title='bbox 1597 2952 1652 2983; x_wconf 76' lang='grc'>26.</span> <span class='ocrx_word' id='word_1_435' title='bbox 1680 2947 1964 2982; x_wconf 85' lang='lat' dir='ltr'>intercessiones</span> <span class='ocrx_word' id='word_1_436' title='bbox 1991 2948 2040 2982; x_wconf 90' lang='lat' dir='ltr'><em>M</em></span> 
     </span>
     <span class='ocr_line' id='line_1_42' title="bbox 368 2994 2043 3041; baseline 0.001 -14"><span class='ocrx_word' id='word_1_437' title='bbox 368 2997 422 3027; x_wconf 73' lang='lat'>27.</span> <span class='ocrx_word' id='word_1_438' title='bbox 445 2995 597 3029; x_wconf 69' lang='lat' dir='ltr'>exitium</span> <span class='ocrx_word' id='word_1_439' title='bbox 620 2997 663 3029; x_wconf 78' lang='lat' dir='ltr'><em>M</em></span> <span class='ocrx_word' id='word_1_440' title='bbox 680 2999 690 3040; x_wconf 82' lang='grc' dir='ltr'>Η</span> <span class='ocrx_word' id='word_1_441' title='bbox 711 2997 756 3031; x_wconf 88' lang='lat' dir='ltr'>de</span> <span class='ocrx_word' id='word_1_442' title='bbox 777 3009 841 3032; x_wconf 84' lang='lat' dir='ltr'>om.</span> <span class='ocrx_word' id='word_1_443' title='bbox 864 2997 914 3031; x_wconf 88' lang='lat' dir='ltr'><em>M</em></span> <span class='ocrx_word' id='word_1_444' title='bbox 929 3000 939 3041; x_wconf 87' lang='grc' dir='ltr'>ΙΙ</span> <span class='ocrx_word' id='word_1_445' title='bbox 959 3001 1014 3032; x_wconf 75' lang='lat'>28.</span> <span class='ocrx_word' id='word_1_446' title='bbox 1037 3000 1169 3032; x_wconf 83' lang='lat' dir='ltr'>senatu</span> <span class='ocrx_word' id='word_1_447' title='bbox 1190 2997 1361 3033; x_wconf 87' lang='lat' dir='ltr'>consultu</span> <span class='ocrx_word' id='word_1_448' title='bbox 1383 2998 1430 3031; x_wconf 87' lang='lat' dir='ltr'><em>M</em></span> <span class='ocrx_word' id='word_1_449' title='bbox 1444 2999 1455 3041; x_wconf 77' lang='grc' dir='ltr'>ΙΙ</span> <span class='ocrx_word' id='word_1_450' title='bbox 1474 3000 1530 3031; x_wconf 82' lang='grc'>29.</span> <span class='ocrx_word' id='word_1_451' title='bbox 1552 3007 1634 3030; x_wconf 89' lang='lat' dir='ltr'>cum</span> <span class='ocrx_word' id='word_1_452' title='bbox 1659 2995 1832 3029; x_wconf 88' lang='lat' dir='ltr'>tribunus</span> <span class='ocrx_word' id='word_1_453' title='bbox 1851 2994 1973 3039; x_wconf 89' lang='lat' dir='ltr'>plebis</span> <span class='ocrx_word' id='word_1_454' title='bbox 1994 2995 2043 3029; x_wconf 87' lang='lat' dir='ltr'><strong><em>M</em></strong></span> 
     </span>
     <span class='ocr_line' id='line_1_43' title="bbox 368 3043 2065 3089; baseline 0.002 -16"><span class='ocrx_word' id='word_1_455' title='bbox 368 3044 422 3074; x_wconf 76' lang='lat'>30.</span> <span class='ocrx_word' id='word_1_456' title='bbox 451 3043 692 3088; x_wconf 81' lang='lat' dir='ltr'>stomachost]</span> <span class='ocrx_word' id='word_1_457' title='bbox 721 3044 933 3078; x_wconf 79' lang='lat' dir='ltr'>stomachus</span> <span class='ocrx_word' id='word_1_458' title='bbox 961 3045 1007 3078; x_wconf 82' lang='lat' dir='ltr'><em>M</em></span> <span class='ocrx_word' id='word_1_459' title='bbox 1032 3046 1043 3089; x_wconf 80' lang='grc'>11</span> <span class='ocrx_word' id='word_1_460' title='bbox 1072 3044 1216 3079; x_wconf 88' lang='lat' dir='ltr'>scilicet</span> <span class='ocrx_word' id='word_1_461' title='bbox 1240 3044 1438 3089; x_wconf 86' lang='lat' dir='ltr'>Pompeius</span> <span class='ocrx_word' id='word_1_462' title='bbox 1459 3045 1524 3079; x_wconf 79' lang='lat' dir='ltr'>del.</span> <span class='ocrx_word' id='word_1_463' title='bbox 1552 3043 1761 3086; x_wconf 67' lang='lat' dir='ltr'>Manutius,</span> <span class='ocrx_word' id='word_1_464' title='bbox 1787 3053 1861 3078; x_wconf 67' lang='lat' dir='ltr'>‘non</span> <span class='ocrx_word' id='word_1_465' title='bbox 1885 3043 2065 3078; x_wconf 71' lang='lat' dir='ltr'>intellecta</span> 
     </span>
     <span class='ocr_line' id='line_1_44' title="bbox 367 3088 1056 3134; baseline 0.006 -12"><span class='ocrx_word' id='word_1_466' title='bbox 367 3088 500 3123; x_wconf 68' lang='lat' dir='ltr'>scilicet</span> <span class='ocrx_word' id='word_1_467' title='bbox 525 3090 644 3124; x_wconf 49' lang='lat' dir='ltr'>&#39;ironia</span> <span class='ocrx_word' id='word_1_468' title='bbox 670 3102 741 3134; x_wconf 73' lang='lat' dir='ltr'>qua</span> <span class='ocrx_word' id='word_1_469' title='bbox 770 3092 912 3126; x_wconf 72' lang='lat' dir='ltr'>Caelius</span> <span class='ocrx_word' id='word_1_470' title='bbox 937 3093 1056 3126; x_wconf 73' lang='lat' dir='ltr'>utitm·</span> 
     </span>
    </p>
   </div>
  </div>
 </body>
</html>
