2242 3496
665 190 1002 225 EPISTVLARVM
1030 190 1106 224 XII.
1134 195 1188 224 23¹³.
1217 193 1271 224 30.
1737 189 1822 227 335

123 314 210 341 rem
251 314 440 340 amorem
483 302 603 339 tuum
649 299 790 340 effecit
829 298 1108 352 Chaerippus.
1171 314 1195 338 o
1235 297 1452 338 hominem
1493 311 1660 350 semper
1701 296 1822 337 illum

124 370 293 424 quidem
330 370 433 410 mihi
467 372 628 423 aptum,
662 384 772 411 nunc
807 384 906 410 vcro
934 369 1063 410 etium
1093 370 1288 410 suavem!
1342 367 1485 408 vultus
1513 367 1698 408 mercule
1725 370 1822 407 tuos

124 440 229 481 mihi
262 439 475 494 expressit
508 440 661 491 omnis,
694 455 777 480 non
811 440 949 480 solum
984 440 1175 480 animum
1210 455 1257 480 uc
1292 439 1422 480 verba
1448 438 1644 493 pertulit,
1678 438 1823 491 itaque

123 510 210 552 noli
244 510 394 564 vereri,
426 525 476 551 nc
510 511 590 551 tibi
625 510 954 562 suscensuerim,
987 510 1100 564 quod
1134 511 1282 551 omli-m
1316 509 1511 564 exemplo
1545 509 1596 550 ad
1629 522 1708 562 mc,
1741 523 1823 562 quo

89 582 176 622 sad
209 584 396 623 ceteros:
443 582 646 635 requisivi
686 581 881 635 equidem
922 581 1119 635 proprias
1158 581 1209 621 ad
1251 596 1317 622 me
1357 596 1487 621 unum
1527 581 1713 629 litteras,
1753 579 1822 619 sed

123 666 260 706 neque
294 656 511 693 vementer
543 656 586 693 et
620 655 826 693 amanter.
878 652 929 692 de
956 656 1146 706 sumptu,
1179 666 1304 705 quem
1334 655 1374 692 te
1402 653 1444 692 in
1477 667 1564 692 rom
1594 651 1825 692 militarem

123 723 264 765 faeere
296 727 339 764 et
374 723 523 765 fecisse
556 724 679 775 (licis,
717 723 826 763 nihil
859 737 963 763 sane
1003 737 1180 776 possum
1220 723 1300 763 tibi
1340 723 1562 777 opitulari,
1600 724 1829 776 propterea

125 795 239 849 quod
271 798 314 836 et
346 795 476 836 orbus
510 798 685 835 senatus
718 793 970 835 consulibus
1003 793 1174 834 amissis
1215 796 1259 833 et
1292 793 1562 834 incredibiles
1602 793 1828 847 angustiae

126 865 330 919 pecuniae
374 865 594 919 publicae,
638 880 746 918 quae
792 863 1068 917 conquiritur
1111 863 1319 917 undique,
1363 865 1411 902 ut
1456 863 1615 916 optime
1662 863 1828 903 meritis

75 953 106 976 10
127 936 339 977 militibus
371 936 587 990 promissa
620 936 864 988 solvantur,
902 934 1014 988 quod
1055 934 1226 988 quidem
1258 933 1350 974 fieri
1384 933 1474 974 sine
1506 934 1672 975 tributo
1705 948 1828 988 posse

123 1021 213 1061 non
245 1007 446 1048 arbitror.
501 1007 552 1047 de
591 1006 717 1047 Attio
757 1005 988 1060 Dionysio,
1032 1005 1140 1046 nihil
1182 1008 1289 1059 puto
1328 1019 1438 1058 esse,
1484 1005 1685 1059 quoniam
1724 1004 1829 1045 mihi
1858 1019 1870 1034 r

125 1077 235 1119 nihil
267 1077 377 1119 djxit
407 1076 647 1118 Tratorius.
704 1077 754 1119 de
780 1075 826 1117 P.
853 1075 1051 1130 Lucceio,
1082 1075 1192 1117 nihil
1219 1076 1300 1117 tibi
1327 1076 1524 1129 concedo,
1558 1090 1641 1130 quo
1670 1076 1827 1117 studio-

126 1149 216 1190 sior
246 1149 337 1190 eius
371 1149 447 1202 sis,
487 1163 616 1203 quam
654 1162 734 1204 ego
777 1162 892 1201 sum3
937 1150 1002 1188 est
1034 1147 1148 1188 enim
1180 1147 1305 1188 nobis
1344 1147 1629 1201 necessarius3
1674 1147 1766 1201 sed,
1804 1161 1828 1187 a

129 1220 350 1276 magistris
383 1235 479 1262 cum
513 1219 815 1261 contenderem
847 1219 897 1260 de
930 1218 1185 1273 proferendo
1213 1218 1291 1272 die,
1324 1218 1563 1272 probarunt
1590 1217 1696 1258 mihi
1724 1231 1828 1270 sese,

71 1311 103 1336 15
128 1306 213 1346 quo
245 1291 386 1333 minus
418 1291 461 1332 id
499 1291 708 1345 facerent,
752 1293 796 1331 et
833 1290 1146 1344 compromisso
1186 1293 1229 1330 et
1266 1289 1358 1330 iure
1397 1288 1576 1330 iurando
1614 1288 1831 1342 impediri,

69 1668 103 1693 20

71 2023 105 2048 25

124 1377 256 1418 quare
306 1363 563 1404 veniendum
615 1362 802 1403 arbitror
853 1361 1054 1403 Lucceio:
1106 1375 1384 1416 quamquam,
1435 1360 1471 1401 si
1516 1359 1623 1400 meis
1669 1359 1829 1400 litteris

119 1434 453 1489 optemperavit,
504 1448 602 1475 cum
645 1437 694 1474 tu
737 1432 842 1474 haec
888 1433 1028 1488 leges,
1078 1431 1203 1472 illum
1250 1431 1413 1472 Romae
1456 1444 1549 1472 esse
1595 1430 1826 1485 oportebit.

120 1505 274 1547 ceteris
307 1505 358 1546 de
390 1505 518 1546 rebus
551 1504 823 1558 maximeque
857 1504 907 1545 de
939 1503 1134 1558 pecunia,
1166 1517 1263 1544 cum
1292 1501 1459 1543 Pansae
1493 1504 1678 1543 mortem
1710 1501 1830 1556 igno·
1873 1515 1879 1522 ·

120 1591 249 1631 rares,
281 1575 508 1630 scripsisti,
541 1590 648 1630 quae
682 1590 757 1630 per
788 1590 868 1616 nos
902 1575 955 1616 ab
989 1589 1038 1616 eo
1072 1573 1278 1628 consequi
1310 1576 1353 1614 te
1385 1587 1513 1627 posse
1546 1572 1829 1614 arbitrarere:

124 1662 232 1702 quae
264 1650 308 1688 te
339 1662 427 1688 non
458 1646 733 1700 fefellissent,
766 1646 802 1687 si
835 1645 1010 1699 viveret,
1042 1659 1143 1686 nam
1176 1647 1219 1685 te
1252 1643 1481 1699 diligebat,
1513 1646 1613 1698 post
1645 1646 1830 1684 mortem

123 1721 270 1760 autem
301 1718 393 1760 eius
426 1717 528 1772 quid
560 1717 653 1758 fieri
692 1719 840 1771 posset
876 1731 963 1757 non
995 1715 1257 1757 videbamus.
1315 1715 1365 1756 de
1399 1714 1629 1768 Venuleio,
1661 1713 1830 1767 Latino,

123 1788 328 1844 Horatio,
370 1789 492 1830 valde
525 1788 671 1830 laudo:
714 1787 823 1829 illud
853 1801 940 1829 non
972 1786 1154 1828 nimium
1186 1786 1343 1840 probo,
1385 1785 1498 1840 quod
1531 1784 1704 1840 scribis,
1747 1799 1831 1839 quo

123 1860 189 1901 illi
208 1860 353 1902 animo
380 1859 582 1914 aequiore
608 1858 784 1912 ferrent,
811 1861 854 1899 te
880 1858 968 1899 tuis
997 1857 1129 1898 etiam
1155 1857 1313 1912 legatis
1340 1856 1516 1898 lictores
1543 1855 1754 1897 ademisse
1776 1879 1830 1883 —

123 1931 287 1973 honore
313 1931 429 1972 enim
455 1945 552 1972 cum
577 1929 818 1986 ignominia
844 1928 989 1984 dignis
1015 1942 1102 1970 non
1129 1931 1253 1970 erant
1273 1927 1552 1982 comparandi
1574 1952 1642 1982 —,
1662 1940 1832 1980 eosque,

125 2017 176 2044 ex
208 2016 240 2044 s.
266 2017 298 2044 e.
332 2002 370 2044 si
394 2017 482 2044 non
507 2001 729 2055 decedunt,
763 2000 992 2056 cogendos,
1023 2002 1072 2041 ut
1097 1999 1315 2053 decedant,
1349 1998 1562 2040 existimo.
1611 1998 1718 2039 haec
1743 1996 1832 2039 fere

125 2073 178 2115 ad
209 2087 282 2115 eas
313 2073 498 2128 litteras,
530 2087 636 2128 quas
663 2072 813 2114 eodem
840 2071 1036 2125 exemplo
1062 2070 1188 2111 binas
1217 2069 1382 2124 accepi:
1415 2070 1466 2111 de
1493 2069 1672 2123 reliquo,
1704 2068 1833 2110 velim

125 2145 209 2187 tibi
238 2145 497 2200 persuadeas
529 2159 617 2186 non
648 2158 741 2185 esse
774 2143 881 2184 mihi
915 2156 1055 2183 meam
1089 2141 1350 2196 dignitatem
1383 2143 1460 2182 tua
1492 2140 1716 2182 cariorem.

245 2278 277 2310 1.
304 2273 429 2309 effecit
453 2272 505 2316 H,
531 2271 647 2307 efficit
671 2271 756 2305 MD
775 2272 786 2315 ΙΙ
806 2269 1001 2315 caerippus
1031 2271 1070 2304 Ψ
1097 2271 1109 2314 ΙΙ
1141 2273 1172 2304 2.
1199 2268 1293 2302 mihi
1325 2268 1474 2312 quidem
1502 2267 1547 2302 H
1560 2269 1572 2313 ΙΙ
1591 2266 1754 2302 mercule
1779 2267 1834 2311 M,

127 2321 336 2357 mehercule
363 2321 444 2356 HD
479 2322 492 2365 11
528 2323 560 2355 4.
588 2317 862 2354 succensuerim
886 2317 968 2352 HD
1004 2319 1015 2361 11
1054 2320 1085 2351 5.
1112 2316 1258 2351 litteras
1285 2316 1381 2360 HD,
1416 2315 1465 2350 ad
1489 2314 1636 2350 litteras
1661 2315 1722 2358 Μ,
1751 2325 1773 2348 a
1797 2316 1835 2348 te

127 2369 274 2404 litteras
300 2380 321 2406 ς
357 2370 370 2413 Η
407 2371 439 2403 6.
466 2367 705 2402 uehementer
731 2365 811 2399 HD
842 2367 853 2409 11
891 2368 922 2399 8.
951 2364 1061 2399 orbus
1089 2363 1201 2410 (est)
1228 2364 1297 2398 aliz·
1327 2365 1338 2408 ΙΙ
1371 2367 1402 2398 9.
1429 2361 1699 2407 conquiruntur
1725 2361 1806 2396 HD
1832 2364 1834 2378 ¹

131 2421 184 2451 11.
213 2416 308 2452 attio
334 2416 395 2458 M,
434 2414 532 2450 aetio
560 2414 650 2448 HD.
694 2412 820 2447 Attico
849 2412 1033 2447 Corradus
1068 2414 1079 2456 Η
1119 2415 1172 2446 12.
1199 2410 1377 2445 tratorius
1404 2410 1463 2454 M,
1496 2409 1696 2444 tractorius
1723 2408 1827 2453 HD,

129 2464 175 2498 de
202 2463 296 2506 MD,
323 2464 361 2497 et
386 2462 431 2497 de
457 2462 502 2496 H
516 2463 528 2506 ῃ
547 2459 720 2505 Lucceio]
747 2459 868 2494 luccio
894 2459 948 2503 M,
974 2458 1090 2493 luctio
1112 2459 1162 2502 H,
1188 2457 1282 2493 lutio
1303 2458 1352 2493 D.
1391 2459 1494 2493 etsie
1512 2468 1560 2493 vs.
1584 2460 1626 2491 16
1647 2459 1658 2501 u
1680 2460 1734 2491 13.
1755 2456 1834 2491 eius

130 2510 197 2556 sis]
222 2509 335 2544 iussis
361 2510 415 2553 M,
441 2510 483 2543 tu
509 2508 559 2543 sis
580 2508 672 2551 HD,
697 2510 782 2550 sort.
809 2511 915 2542 recte:
941 2507 983 2541 de
1009 2505 1198 2540 studiosus
1218 2506 1396 2540 adiectivo
1417 2505 1577 2540 absolute
1595 2506 1715 2549 posito
1734 2516 1765 2539 υ.
1787 2505 1835 2539 (αἱ

129 2570 183 2603 ep.
209 2557 307 2600 XIII,
326 2560 369 2590 61
395 2558 407 2601 ss
432 2556 502 2590 sim
527 2555 566 2590 D
591 2557 602 2599 ΙΙ
627 2553 856 2589 necessarius
882 2553 990 2588 nobis
1016 2553 1061 2588 H
1091 2555 1103 2597 ΙΙ
1141 2556 1195 2587 14.
1223 2552 1485 2587 contenderem
1510 2552 1564 2595 M,
1591 2556 1624 2586 et
1649 2550 1706 2586 Dl
1733 2562 1836 2595 corr„

131 2605 327 2640 conderem
354 2603 450 2639 HD¹
469 2605 482 2648 ΙΙ
502 2606 555 2637 15.
584 2601 848 2647 compromisso
871 2601 925 2645 M,
952 2612 1035 2635 cum
1061 2599 1242 2645 promisso
1264 2599 1345 2634 HD
1362 2601 1374 2644 11
1405 2603 1458 2634 19.
1486 2601 1523 2633 te
1549 2609 1658 2644 posse
1684 2610 1749 2634 om.
1771 2598 1816 2632 H
1824 2627 1835 2643 Η

132 2651 314 2687 arbitrare
341 2651 386 2686 H
406 2653 418 2695 Η
450 2654 504 2687 20.
532 2649 675 2684 uiueret
700 2649 749 2692 D,
776 2648 946 2683 uiuerent
971 2648 1062 2682 ΜΗ
1081 2649 1093 2692 ΙΙ
1118 2651 1173 2682 21.
1201 2646 1279 2682 eius
1307 2649 1432 2681 autem
1458 2647 1507 2681 M
1511 2646 1537 2690 ¹,
1564 2647 1836 2690 transponenda

130 2700 352 2746 siyozificavit
366 2699 430 2735 MVc
449 2699 461 2742 ΙΙ
481 2701 536 2732 21.
551 2700 606 2731 22.
621 2695 818 2740 uenulegio
839 2695 957 2730 latino
971 2694 1136 2729 hortatio
1152 2694 1196 2728 H
1211 2695 1223 2739 ΙΙ
1243 2697 1297 2729 23.
1318 2694 1469 2729 lictores
1488 2705 1554 2729 om.
1570 2693 1615 2728 H
1629 2695 1641 2738 Η
1661 2698 1715 2727 24.
1737 2692 1834 2727 enim

131 2745 295 2793 (digni)
322 2757 361 2790 ς,
398 2745 497 2780 enim
524 2744 548 2783 ζ
553 2756 635 2778 cum
662 2743 767 2788 digni
796 2742 898 2790 sint>
925 2743 1115 2778 Lehmann
1141 2744 1196 2786 (p.
1218 2743 1301 2786 lOT)
1331 2744 1343 2785 ΙΙ
1373 2742 1455 2776 erat
1480 2741 1525 2775 H
1550 2742 1562 2786 ΙΙ
1593 2739 1836 2785 comparandi

134 2794 225 2838 HD,
249 2785 554 2838 compamorandi
580 2792 628 2826 M
642 2793 654 2835 ll
674 2793 728 2825 27.
756 2790 946 2825 cariorem.
990 2789 1038 2824 M.
1059 2789 1202 2823 TVLLI
1222 2787 1474 2823 CICERONIS
1494 2786 1837 2822 EPISTVLARVM

132 2841 198 2876 AD
230 2840 435 2876 CASSIVM
467 2838 600 2874 EXPL.
631 2837 720 2873 INC.
754 2836 819 2872 AD
852 2836 1093 2871 MEMMIVM
1131 2835 1192 2870 ΕΤ
1225 2834 1440 2870 CETEROS
1472 2834 1725 2869 FELICITER
1751 2834 1836 2868 ΜΗ
