2242 3496
563 228 900 265 EPISTVLARVM
926 231 1020 266 xlv.
1050 235 1102 265 16.
1132 234 1184 266 17.
1213 234 1267 266 18.
1298 234 1349 265 19.
1378 234 1432 265 20.
1763 227 1846 270 397

150 335 336 389 diorum,
375 338 422 376 ut
455 339 497 377 et
530 337 711 378 multum
747 352 839 379 esse
872 353 1038 380 mecum
1071 343 1132 394 et,
1170 354 1266 381 cum
1298 338 1512 392 abieritis,
1551 338 1771 378 commode
1805 341 1847 378 et

151 406 194 447 in
226 406 387 448 nostris
420 422 513 449 esse
547 407 735 461 possitis.
793 409 897 450 mihi
932 409 1054 463 plane
1082 424 1166 450 non
1194 409 1299 451 satis
1327 411 1497 450 constat
1524 408 1672 462 adhuc,
1702 411 1846 449 utrum
1874 419 1893 448 :3

151 476 209 518 sit
241 476 411 518 melius:
445 492 519 518 vos
554 478 710 531 videte,
753 479 853 533 quid
887 479 994 520 aliae
1029 479 1189 521 faciant
1221 480 1306 521 isto
1340 480 1434 522 loco
1467 479 1669 531 feminae,
1709 482 1751 519 et
1782 494 1847 532 ne,

150 563 248 590 cum
280 548 435 601 velitis,
468 549 582 590 exire
614 564 699 591 non
732 549 878 604 liceat3
910 549 952 590 id
985 550 1111 590 velim
1145 549 1376 604 diligenter
1402 551 1533 592 etiam
1560 552 1688 604 atque
1715 549 1846 590 etiam

113 619 374 661 svobiscum
415 623 457 660 et
491 635 584 661 cum
626 620 774 662 amicis
814 620 1104 661 consideretis.
1168 621 1319 662 domus
1357 625 1406 663 ut
1443 619 1768 676 propugnacula
1805 622 1848 661 et

149 689 410 745 praesidium
436 690 606 744 habeat,
640 690 874 732 Philotimo
902 691 1072 746 dicetis,
1104 695 1148 732 et
1174 692 1302 732 velim
1330 692 1580 734 tabellarios
1606 691 1846 733 instituatis

150 764 304 813 certos,
336 765 386 802 ut
418 761 575 803 cotidie
607 762 774 816 aliquas
808 777 831 802 a
864 762 986 802 vobis
1020 762 1186 803 litteras
1220 763 1445 817 accipiam,
1486 763 1668 804 maxime
1702 765 1847 803 autem

149 832 247 873 date
281 847 467 886 operam,
499 836 548 873 ut
579 833 772 886 valeatis,
804 832 840 873 si
873 847 951 874 nos
986 833 1115 874 vultis
1149 833 1299 874 valere.
1357 846 1458 875 vnn
1487 833 1537 874 K.
1564 833 1762 875 Formiis.

850 984 965 1027 XIX.
1011 984 1148 1041 (170.)

100 1104 131 1130 ιο
515 1090 766 1133 TVLLIVS
798 1091 1136 1134 TERENTIAE
1172 1091 1321 1134 SVAE
1357 1092 1398 1135 s.
1430 1092 1482 1134 D.

267 1197 319 1239 In
339 1198 539 1240 maximis
561 1198 666 1240 meis
688 1199 908 1240 doloribus
931 1199 1148 1241 excruciat
1168 1213 1235 1240 me
1256 1199 1454 1241 valetudo
1475 1199 1640 1241 Tulliae
1661 1203 1847 1255 nostrae,

149 1269 199 1311 de
233 1283 316 1323 qua
346 1268 455 1310 nihil
488 1271 554 1310 est
581 1269 693 1323 quod
721 1270 773 1310 ad
799 1272 841 1311 te
867 1270 992 1324 plura
1019 1269 1227 1324 scribam,
1256 1270 1338 1311 tibi
1366 1270 1480 1311 enim
1506 1285 1639 1325 aeque
1666 1284 1847 1325 magnae

148 1354 274 1382 curae
307 1354 400 1381 esse
432 1343 550 1382 certo
585 1340 685 1382 scio.
743 1341 856 1394 quod
890 1355 957 1382 me
990 1341 1167 1395 propius
1206 1341 1338 1382 vultis
1378 1341 1594 1395 accedere,
1632 1341 1755 1382 video
1787 1341 1850 1381 ita

148 1425 241 1452 esse
272 1410 533 1453 faciendum:
572 1411 703 1453 etiam
743 1415 841 1453 ante
873 1412 1091 1467 fecissem,
1129 1412 1201 1453 sed
1240 1426 1307 1454 me
1347 1412 1486 1454 multa
1523 1411 1850 1467 impediverunt,

94 1494 126 1521 15
146 1496 255 1537 quae
275 1496 328 1523 ne
348 1496 462 1524 nuno
489 1482 661 1537 quidem
690 1483 889 1538 expedita
910 1486 1020 1524 sunt.
1067 1483 1140 1524 sed
1161 1497 1186 1524 a
1205 1482 1444 1537 Pomponio
1466 1485 1644 1537 expecto
1671 1482 1852 1535 litteras,

145 1567 251 1608 quas
284 1553 336 1594 ad
369 1568 436 1594 me
470 1568 598 1608 quam
630 1554 818 1609 primum
850 1553 1124 1608 perferendas
1158 1568 1280 1595 eures
1310 1553 1453 1595 velim.
1511 1554 1564 1594 da
1589 1568 1776 1608 operam,
1803 1555 1853 1594 ut

143 1623 299 1666 valeas.

866 1706 958 1748 XX.
1001 1705 1140 1763 (184.)

507 1812 757 1855 TVLLIVS
793 1812 833 1855 S.
866 1812 917 1854 D.
948 1812 1299 1854 TERENTIAE
1328 1812 1494 1855 SVAE.

92 1945 126 1970 20
263 1919 315 1961 In
347 1919 639 1961 Tusculanum
670 1933 749 1961 nos
783 1922 989 1962 venturos
1021 1923 1224 1974 putamus
1252 1923 1327 1961 aut
1353 1919 1491 1961 Nonis
1519 1922 1596 1961 aut
1620 1919 1849 1974 postridie:

144 1991 207 2032 ibi
237 1993 286 2032 ut
319 1990 407 2032 sint
439 1990 583 2032 omnia
621 1993 774 2045 parata
805 2016 864 2020 —
894 1991 1041 2046 plures
1081 1991 1194 2032 enim
1232 1991 1418 2032 fortasse
1457 1991 1684 2033 nobiscum
1723 1993 1849 2032 erunt

145 2064 199 2116 et,
230 2065 279 2104 ut
311 2061 513 2116 arbitror,
546 2061 707 2103 diutius
739 2062 801 2103 ibi
834 2061 1199 2104 commorabimur
1228 2079 1302 2117 ——3
1334 2062 1505 2103 labrum
1537 2062 1573 2103 si
1604 2061 1650 2103 in
1677 2063 1847 2104 balineo

143 2147 231 2175 non
262 2135 340 2187 est,
371 2136 421 2174 ut
453 2133 522 2187 sit,
554 2133 660 2174 item
693 2136 846 2188 cetera,
880 2148 987 2188 quae
1015 2136 1116 2174 sunt
1143 2133 1195 2174 ad
1221 2133 1385 2175 victum
1412 2136 1454 2174 et
1480 2133 1532 2174 ad
1559 2133 1849 2174 valetudinem

143 2203 396 2246 necessaria.
453 2204 559 2246 vale.
615 2203 666 2245 K.
701 2203 795 2246 Oet.
829 2204 880 2245 de
914 2203 1147 2246 Venusino.

265 2336 294 2367 1.
323 2330 492 2366 abieritis
508 2331 563 2375 M,
590 2335 622 2365 et
642 2343 686 2366 ea:
706 2330 868 2366 abientis
883 2331 948 2375 D¹,
978 2330 1114 2365 abieris
1131 2331 1211 2365 FH
1225 2333 1236 2376 Η
1258 2335 1287 2367 1.
1316 2335 1347 2368 2.
1369 2331 1561 2366 commode
1581 2297 1624 2367 ui:
1641 2332 1695 2376 (et
1713 2344 1736 2367 α
1755 2344 1800 2367 m.
1816 2333 1851 2377 2)

143 2379 184 2414 in
207 2378 344 2414 nostris
371 2378 428 2422 H,
464 2378 655 2413 commode
682 2380 719 2413 et
744 2378 783 2412 in
808 2378 941 2413 uestris
970 2379 1015 2413 F.
1060 2379 1252 2413 commode
1283 2378 1323 2413 in
1353 2379 1491 2414 nostris
1523 2379 1746 2433 (praediis)
1773 2380 1851 2424 (hoc

144 2438 188 2462 ex
221 2428 256 2472 ς)
294 2427 498 2461 Wesenbm
484 2438 516 2471 Λ
573 2425 764 2460 commode
803 2427 840 2460 et
880 2425 1019 2472 <tuto>
1056 2425 1096 2460 in
1132 2425 1269 2460 nostris
1314 2427 1368 2462 vel
1405 2427 1597 2480 commode
1635 2426 1675 2461 in
1712 2425 1850 2461 nostris

145 2474 195 2509 H.
217 2474 263 2509 A.
285 2473 388 2508 Koch
415 2474 537 2518 (‘'.conz
569 2473 678 2508 Tull)
703 2485 740 2517 p.
763 2476 832 2515 33).
884 2474 929 2515 cf.
956 2472 1041 2517 VII,
1069 2476 1107 2516 3,
1133 2478 1170 2508 3.
1205 2474 1288 2518 ‘ego
1323 2485 1406 2508 cum
1438 2473 1548 2518 meis,
1587 2473 1619 2509 si
1650 2473 1851 2518 quicquam

144 2532 242 2555 nunc
267 2520 487 2564 cuiusquam
513 2522 578 2564 est,
607 2519 721 2554 etiam
746 2519 785 2554 in
810 2519 902 2554 meis
929 2530 1008 2554 esse
1033 2501 1165 2555 malui’
1205 2522 1217 2565 ΙΙ
1255 2525 1286 2556 2.
1313 2523 1439 2555 utrum
1464 2521 1595 2565 FHD,
1622 2532 1752 2556 uerum
1777 2521 1851 2555 M

146 2571 177 2602 4.
204 2567 244 2602 id
263 2567 359 2611 MD,
387 2567 451 2602 sed
474 2567 557 2602 FH
571 2569 582 2612 Η
602 2569 714 2611 atque
735 2566 849 2601 etiam
870 2567 924 2611 ΙΙΙ,
950 2579 1015 2602 om.
1039 2567 1158 2602 FHD
1177 2569 1188 2612 ΙΙ
1209 2572 1239 2602 6.
1266 2568 1512 2614 praesidium]
1538 2568 1734 2613 praedium
1756 2568 1796 2603 F
1796 2568 1847 2612 H

145 2614 317 2660 predium
343 2596 427 2649 MD
450 2615 462 2659 ῃ
487 2613 660 2658 philtimo
687 2615 735 2649 M
762 2616 773 2659 ΙΙ
805 2618 836 2649 8.
865 2614 952 2648 dato
978 2614 1027 2658 D,
1056 2615 1143 2650 dare
1172 2615 1210 2649 F
1231 2617 1242 2660 ΙΙ
1267 2615 1441 2662 Formiis]
1468 2615 1596 2650 formis
1627 2614 1848 2660 211,f0rtinis

146 2686 200 2729 (ut
225 2685 313 2729 vid.)
341 2684 482 2728 Fu12.
511 2684 555 2719 de
582 2696 666 2728 qua,
693 2695 714 2719 0
741 2697 764 2719 α
788 2697 832 2720 m.
855 2689 886 2726 1,
912 2685 984 2730 ΗΙΙ
1004 2696 1145 2730 aequae
1171 2686 1246 2731 Mn
1266 2690 1320 2722 13.
1349 2688 1447 2721 certe
1473 2687 1512 2722 D
1531 2688 1542 2731 ΙΙ
1572 2690 1626 2722 14
1654 2685 1785 2732 etiam]
1813 2687 1852 2721 et

144 2732 222 2767 iam
248 2731 663 2776 ς1117.113103ε.11310
689 2732 728 2766 D
752 2734 764 2776 ΙΙ
795 2735 847 2767 19.
877 2743 965 2767 suae
991 2744 1057 2768 om.
1081 2733 1122 2768 F
1148 2735 1160 2778 ΙΙ
1190 2737 1246 2769 22
1274 2737 1329 2769 23.
1357 2733 1505 2768 labrum
1530 2733 1562 2768 si
1587 2733 1633 2779 (si
1658 2733 1714 2768 D¹
1739 2745 1783 2768 εει)
1808 2734 1851 2767 ut

146 2779 210 2824 sit)
235 2779 273 2814 in
299 2778 448 2814 balineo
475 2790 549 2813 non
574 2781 631 2813 est
656 2781 698 2813 ut
723 2779 772 2813 sit
797 2778 888 2813 item
913 2781 1038 2814 cetera
1064 2780 1164 2824 MD,
1196 2780 1344 2815 labrum
1375 2780 1426 2815 sit
1455 2780 1494 2815 in
1525 2780 1660 2815 balneo
1693 2791 1768 2814 non
1794 2782 1852 2815 est

145 2828 188 2861 ut
213 2826 263 2861 sit
287 2827 367 2869 (ult.
401 2831 573 2871 quattuor
598 2839 628 2861 υ.
656 2838 814 2871 expzmae.
842 2826 924 2870 11²,
956 2838 1021 2862 om.
1052 2827 1108 2871 Γ)
1139 2809 1231 2861 item
1262 2827 1338 2862 sint
1368 2829 1446 2872 (hoc
1470 2840 1501 2864 v.
1528 2839 1594 2863 om.
1622 2828 1694 2872 Hl)
1727 2829 1850 2862 cetera

148 2873 230 2909 FH
244 2875 332 2955 [134.
360 2873 561 2955 deuenJino
588 2873 649 2918 (de
675 2873 829 2908 uensino
850 2874 902 2918 D)
929 2874 1023 2918 MD,
1050 2874 1254 2908 deuensina
1280 2876 1336 2919 (in
1354 2886 1421 2920 my.
1443 2887 1529 2910 am.
1554 2877 1587 2919 1)
1613 2877 1687 2909 sive
1713 2874 1848 2909 deuen-

147 2920 228 2956 sino
297 2948 305 2964 ,
332 2921 378 2956 de
410 2924 445 2956 V·
495 2921 515 2945 1'
