2242 3496
793 153 1131 190 El‘ls'rvLARVM
1159 155 1216 191 IX.
1247 161 1275 190 l.
1303 162 1334 191 2.
1823 157 1908 197 213

216 265 412 315 fortasse,
445 278 531 317 cur,
564 278 659 304 cum
693 263 796 305 haec
824 264 866 304 in
896 264 998 305 urbe
1026 265 1124 318 sint,
1157 279 1240 306 non
1274 265 1425 319 apsim,
1457 264 1816 319 quemadmodum
1851 269 1908 307 tu.

216 335 262 374 tu
295 333 407 374 enim
442 332 550 387 ipse,
589 333 661 387 qui
702 337 744 374 et
785 349 850 375 me
889 338 932 375 et
971 335 1079 376 alios
1113 335 1341 390 prudentia
1375 335 1526 389 vincis,
1565 335 1725 387 omnia,
1770 337 1907 391 credo,

215 404 374 457 vidisti,
407 403 513 444 nihil
548 407 589 444 te
623 404 796 445 omnino
830 404 1001 446 fefellit:
1035 406 1128 460 quis
1156 411 1220 447 est
1249 410 1336 447 tam
1364 405 1572 461 Lynceus,
1604 406 1676 461 qui
1703 407 1746 447 in
1774 407 1906 448 tantis

213 474 402 516 tenebris
444 474 551 515 nihil
595 475 798 528 offendat,
844 490 1054 530 nusquam
1100 477 1318 518 incurrat?
1374 492 1421 519 ac
1464 477 1568 518 mihi
1611 477 1779 532 quidem
1822 478 1906 519 iam
1934 492 1952 520 3

178 560 194 585 5
213 545 378 600 pridem
412 544 528 586 venit
555 545 598 586 in
625 548 812 586 mentem
847 546 1006 587 bellum
1039 561 1130 588 esse
1163 546 1307 602 aliquo
1341 548 1465 602 exire,
1499 551 1545 589 ut
1577 562 1639 603 ea,
1671 562 1778 603 quae
1812 563 1907 604 age-

213 616 371 657 bantur
403 615 472 658 hic
505 630 698 671 quaeque
731 616 1000 669 dicebantur,
1039 631 1114 658 nec
1154 618 1341 659 viderem
1374 633 1449 659 nec
1483 619 1692 674 audirem3
1736 620 1809 661 sed
1843 635 1906 662 ca-

210 686 454 727 lumniabar
498 686 606 740 ipse:
656 687 882 741 putabam,
927 687 999 742 qui
1045 687 1216 728 obviam
1261 689 1367 729 mihi
1413 690 1615 744 venisset,
1660 693 1709 731 ut
1753 691 1905 745 cuique

210 757 480 799 commodum
520 760 650 811 esset,
695 758 1015 812 suspicaturum
1054 761 1128 799 aut
1165 759 1398 814 dicturum,
1439 761 1608 802 etiamsi
1647 775 1733 802 non
1771 763 1905 817 suspi-

209 830 396 869 caretur:
429 827 514 870 ‘hie
547 831 622 869 aut
656 829 812 870 metuit
844 832 887 870 et
914 844 963 870 ea
990 843 1033 870 re
1060 828 1174 884 fugit
1206 834 1280 871 aut
1313 831 1473 884 aliquid
1508 832 1672 887 cogitat
1704 835 1747 874 et
1772 832 1905 875 habet

157 915 190 939 10
208 913 360 940 navem
403 898 628 954 paratam?
691 899 890 954 denique,
934 899 1150 941 levissime
1189 901 1261 955 qui
1301 902 1592 956 suspicaretur
1629 906 1672 943 ct
1711 904 1784 957 qui
1822 903 1903 945 for-

208 972 322 1011 tasse
355 984 421 1011 me
454 970 616 1024 optime
648 970 851 1024 novisset,
883 973 1057 1025 putaret
1085 985 1150 1012 me
1184 971 1341 1013 idcirco
1375 972 1601 1027 discedere,
1635 975 1747 1027 quod
1782 989 1904 1029 quos-

207 1040 305 1082 dam
350 1041 546 1082 homines
591 1040 704 1082 oculi
750 1041 832 1082 mei
877 1041 988 1082 ferre
1033 1056 1119 1082 non
1162 1046 1350 1096 possent.
1412 1043 1516 1084 haec
1561 1057 1641 1099 ego
1680 1044 1904 1098 suspicans

207 1111 345 1154 adhuc
377 1111 538 1153 Romae
577 1126 748 1165 maneo,
786 1115 829 1153 et
866 1115 1011 1153 tamen
1049 1114 1298 1166 λεληθότως
1336 1114 1599 1155 consuetudo
1639 1114 1790 1156 diurna
1823 1116 1903 1157 cal-

205 1182 294 1224 lum
327 1182 413 1224 iam
445 1182 627 1224 obduxit
659 1183 883 1225 stomacho
916 1198 1021 1225 meo.
1085 1183 1217 1225 habes
1250 1184 1460 1225 rationem
1493 1185 1575 1226 mei
1603 1186 1792 1241 consilii3
1822 1187 1904 1228 tibi
1929 1199 1950 1229 4

153 1268 184 1292 15
205 1253 339 1309 igitur
371 1253 451 1295 hoc
484 1268 652 1296 censeo:
692 1254 913 1295 latendum
945 1254 1158 1309 tantisper
1189 1255 1360 1309 ibidem,
1392 1255 1492 1296 dum
1525 1255 1763 1298 effervescit
1795 1257 1900 1299 haec

203 1324 459 1379 gratulatio,
492 1327 535 1366 et
568 1325 716 1379 simul,
748 1326 849 1366 dum
882 1325 1123 1380 audiamus,
1157 1326 1516 1380 quemadmodum
1549 1327 1773 1381 negotium
1806 1342 1900 1369 con-

203 1394 364 1436 fectum
396 1395 475 1449 sit,
521 1395 765 1438 confectum
804 1396 918 1437 enim
951 1411 1043 1438 esse
1077 1397 1296 1450 existimo,
1334 1397 1481 1452 magni
1514 1399 1659 1438 autem
1691 1398 1900 1453 intererit,

203 1465 276 1520 qui
307 1465 438 1508 fuerit
471 1466 648 1508 victoris
681 1467 867 1520 animus,
909 1467 981 1522 qui
1020 1467 1159 1508 exitus
1193 1482 1353 1522 rerum,
1393 1482 1670 1522 quamquam,
1710 1484 1793 1524 quo
1832 1485 1898 1512 me

202 1537 449 1579 coniectura
486 1537 632 1590 ducat,
675 1538 830 1590 habeo,
876 1538 948 1580 sed
987 1541 1165 1592 expecto
1205 1541 1360 1579 tamen.
1423 1542 1464 1580 te
1508 1553 1607 1580 vero
1650 1540 1770 1593 nolo,
1813 1541 1897 1582 nisi
1924 1555 1943 1584 5

148 1622 182 1646 20
200 1607 292 1662 ipse
319 1623 466 1649 rumor
492 1608 577 1649 iam
604 1623 756 1650 raucus
784 1608 867 1650 erit
892 1608 1046 1662 factus,
1079 1609 1131 1649 ad
1157 1608 1285 1650 Baias
1319 1609 1480 1664 venire,
1513 1610 1595 1650 erit
1627 1611 1740 1651 enim
1771 1613 1896 1654 nobis

199 1679 436 1733 honestius,
469 1679 600 1720 etiam
632 1694 728 1720 cum
760 1679 860 1721 hinc
893 1679 1228 1732 discesserimus,
1261 1679 1395 1720 videri
1428 1680 1594 1721 venisse
1627 1681 1669 1721 in
1701 1681 1776 1722 illa
1802 1683 1897 1724 loca

198 1749 417 1804 ploratum
448 1750 592 1804 potius
625 1749 811 1804 (quam)
844 1753 1055 1791 natatum.
1106 1750 1180 1791 sed
1205 1749 1311 1791 haec
1336 1752 1385 1791 tu
1411 1750 1584 1804 melius,
1618 1752 1744 1793 modo
1770 1753 1895 1794 nobis

199 1822 285 1861 stet
315 1819 438 1861 illud:
482 1835 568 1861 una
600 1820 740 1861 vivere
773 1820 818 1861 in
850 1820 1004 1862 studiis
1036 1821 1213 1874 nostris,
1246 1835 1270 1861 a
1303 1820 1458 1875 quibus
1492 1824 1620 1863 antea
1652 1822 1896 1864 delectatio-

197 1905 296 1932 nem
334 1890 461 1933 modo
505 1892 779 1946 petebamus,
820 1906 933 1932 nunc
972 1905 1071 1932 vero
1111 1891 1243 1932 etiam
1279 1891 1480 1943 salutem,
1530 1905 1617 1933 non
1655 1892 1820 1948 deesse,
1859 1894 1895 1935 si

145 1973 179 1999 25
198 1961 294 2016 quis
340 1961 541 2003 adhibere
586 1962 718 2016 volet,
763 1977 849 2004 non
894 1962 1021 2003 modo
1068 1964 1116 2003 ut
1160 1962 1439 2016 architectos,
1480 1976 1628 2003 verum
1673 1962 1802 2004 etiam
1847 1967 1895 2005 ut

197 2032 356 2087 fabros,
389 2033 441 2074 ad
474 2033 781 2075 aedificandam
813 2048 904 2074 rem
935 2033 1163 2087 publicam,
1196 2036 1240 2074 et
1270 2033 1416 2087 potius
1442 2032 1628 2074 libenter
1655 2048 1893 2088 accurrere,

197 2104 234 2145 si
265 2118 392 2146 nemo
424 2107 572 2146 utetur
605 2118 746 2159 opera,
785 2108 930 2145 tamen
968 2107 1011 2145 et
1044 2104 1231 2145 scribere
1264 2106 1307 2145 et
1339 2104 1480 2159 legere
1512 2107 1732 2153 πολιτείας
1763 2107 1816 2159 et,
1858 2106 1894 2146 si

196 2175 337 2217 minus
368 2175 414 2217 in
446 2175 564 2217 curia
595 2178 723 2231 atque
754 2175 800 2216 in
832 2174 944 2228 foro,
977 2178 1022 2216 at
1053 2175 1097 2216 in
1127 2174 1286 2216 litteris
1320 2177 1363 2216 et
1394 2174 1535 2228 libris,
1573 2177 1621 2216 ut
1653 2175 1892 2217 doctissimi

194 2248 361 2288 veteres
387 2246 593 2301 fecerunt,
619 2247 837 2302 †gravare
865 2261 954 2287 rem
980 2262 1019 2300 p.
1046 2249 1090 2287 et
1117 2246 1167 2287 de
1194 2245 1387 2287 moribus
1410 2260 1458 2287 ac
1478 2245 1648 2300 legibus
1677 2260 1891 2300 quaerere.

142 2329 177 2355 30
197 2316 304 2358 mihi
334 2316 440 2359 haec
470 2317 687 2359 videntur:
727 2320 792 2367 tu,
826 2317 927 2371 quid
961 2317 1019 2358 sis
1053 2319 1227 2358 acturus
1260 2319 1301 2357 et
1335 2316 1436 2370 quid
1469 2316 1551 2357 tibi
1582 2317 1769 2370 placeat,
1801 2332 1892 2371 per-

194 2390 369 2443 gratum
401 2388 494 2442 erit,
527 2388 564 2429 si
597 2389 647 2429 ad
680 2402 748 2429 me
781 2387 1016 2442 scripseris.

314 2518 344 2549 1.
372 2526 435 2548 cur
460 2525 544 2549 cum
570 2515 663 2559 HD,
689 2515 826 2549 circum
847 2515 920 2559 ΜὶΙ
940 2514 1015 2549 sint
1039 2515 1131 2558 HD,
1158 2516 1245 2549 sunt
1270 2516 1343 2559 11111
1363 2519 1394 2550 3.
1422 2517 1478 2549 est
1499 2515 1592 2558 MD,
1620 2516 1676 2549 est
1701 2514 1800 2549 enim
1820 2515 1864 2549 H
1879 2519 1891 2559 :0¹

193 2562 377 2607 Lynceus]
403 2563 448 2605 cf.
477 2562 722 2598 Friedlc'inder
749 2562 890 2597 ‘Darsa
918 2574 985 2597 aas
1011 2563 1043 2598 cl.
1066 2562 1214 2608 Sitteny.
1236 2562 1360 2597 Roms'
1389 2561 1428 2595 I6
1449 2574 1485 2606 p.
1509 2565 1586 2596 575.
1615 2561 1766 2606 lynceus
1792 2562 1882 2596 alii?

193 2612 223 2643 6.
254 2613 284 2644 7.
311 2608 570 2644 calumniabar
595 2621 638 2645 ex
665 2609 734 2644 cul.
762 2610 828 2643 Mc
858 2610 869 2653 ΙΙ
902 2612 931 2643 9.
960 2611 997 2643 et
1023 2620 1067 2644 ea
1091 2608 1231 2653 refugit
1256 2609 1335 2643 HD
1366 2611 1377 2652 ΙΙ
1411 2612 1463 2643 11,
1491 2608 1658 2643 uouisset
1683 2609 1726 2642 M
1754 2610 1791 2642 in
1819 2620 1886 2644 ras.

191 2667 235 2691 ea:
259 2655 439 2691 mouisset
457 2658 468 2701 ΙΙ
489 2661 543 2692 12.
571 2658 721 2701 possent
748 2668 778 2699 ς,
804 2658 960 2700 possunt
989 2657 1055 2700 ²1¹1!
1077 2659 1129 2690 13.
1156 2656 1332 2690 diuturna
1357 2657 1425 2691 alii
1444 2658 1455 2700 ΙΙ
1477 2659 1518 2689 13
1552 2660 1605 2690 14.
1633 2655 1769 2690 callum
1796 2655 1887 2701 iam]

192 2703 417 2738 calumniam
453 2706 492 2738 Ψ
526 2706 538 2748 ΙΙ
577 2708 629 2739 14.
664 2703 810 2738 consilii
842 2702 914 2737 mei
941 2703 1021 2738 HD
1057 2707 1067 2746 Η
1116 2707 1169 2737 15.
1203 2702 1426 2748 effervescit]
1463 2702 1684 2737 defervescit
1713 2703 1782 2747 (vel
1813 2704 1888 2747 -at)

191 2751 260 2786 alii
278 2757 289 2793 n
311 2754 363 2785 17.
392 2750 521 2785 interit
546 2752 594 2785 M
608 2754 620 2793 ΙΙ
638 2754 692 2784 21.
722 2750 806 2784 hinc
827 2751 918 2794 HD,
946 2750 1006 2784 hic
1026 2750 1074 2784 M
1088 2752 1099 2794 ll
1119 2753 1174 2784 22.
1201 2761 1313 2794 quam
1338 2761 1404 2785 om.
1429 2752 1476 2793 Ψ,
1502 2762 1582 2795 sup.
1608 2762 1656 2785 vs.
1683 2751 1767 2784 add.
1795 2750 1879 2784 11³*

191 2797 300 2844 haec]
320 2797 391 2832 hoc
417 2798 441 2831 11
449 2799 623 2842 'esenbery
643 2799 654 2841 Η
673 2801 793 2832 2223.
810 2797 941 2831 melius
962 2797 1067 2832 nobis
1087 2796 1179 2831 istec
1200 2808 1273 2831 una
1292 2796 1386 2831 illud
1406 2797 1516 2831 modo
1542 2796 1667 2832 uiuere
1684 2797 1733 2840 H,
1755 2797 1887 2832 melius

192 2844 299 2880 nobis
325 2844 418 2879 istec
445 2844 555 2879 modo
589 2844 682 2878 illud
710 2855 783 2879 una
809 2844 933 2878 uiuere
962 2845 999 2879 D
1035 2846 1046 2888 ΙΙ
1084 2847 1137 2878 25.
1165 2843 1343 2879 adhibere
1369 2856 1412 2879 ex
1438 2844 1514 2879 ath.
1542 2844 1608 2878 Ille
1638 2846 1649 2888 Η
1681 2848 1735 2879 26.
1762 2844 1887 2889 potius

191 2891 288 2935 HD,
313 2892 440 2937 patius
467 2892 520 2926 M.
565 2891 734 2936 protinus
763 2892 803 2927 O.
826 2891 1037 2934 Hirschfeld
1067 2893 1079 2935 ιΙ
1109 2890 1311 2937 πολιτείας]
1338 2890 1490 2936 politias
1520 2893 1559 2925 Ψ
1587 2892 1598 2935 ΙΙ
1630 2895 1684 2926 29.
1712 2892 1885 2937 gravare]

190 2949 328 2974 navare
348 2951 381 2982 ς,
407 2939 614 2984 gubernare
640 2939 831 2980 Victoria&
857 2940 1018 2972 tractare
1039 2938 1088 2972 H.
1106 2939 1227 2974 Busch
1252 2939 1399 2983 (Philol.
1420 2938 1519 2972 XXV
1541 2950 1579 2983 p.
1601 2940 1694 2982 35⁶2).
1720 2950 1884 2983 gnavare

191 2985 298 3022 latere
322 2987 477 3029 videtur,
502 2988 548 3029 cf.
573 2998 660 3021 mm.
684 2987 774 3030 phil.
803 2990 890 3020 1891
915 2998 951 3030 p.
974 2987 1146 3029 3381131.
1175 2985 1245 3020 erit
1270 2986 1324 3029 M,
1352 2987 1408 3019 est
1433 2986 1514 3020 HD
