2242 3496
398 184 450 224 18
999 178 1046 212 M.
1075 176 1214 211 TvLffl
1242 174 1491 211 CICERONIS

397 289 569 332 Cinneis
603 288 868 343 temporibus
907 286 1065 326 scimus
1106 287 1148 324 et
1185 284 1404 325 nonnullis
1443 284 1538 325 aliis
1578 284 1799 338 accidisse,
1846 299 1933 326 non
1965 283 2091 325 modo

393 360 616 414 praemiis,
650 373 756 412 quae
791 356 902 410 apud
934 369 1001 395 me
1034 354 1262 395 minimum
1294 354 1458 408 valent,
1496 354 1570 395 sed
1600 369 1653 395 ne
1685 355 1886 408 periculis
1920 355 2092 409 quidem

394 430 638 484 compulsus
672 428 790 480 ullis,
830 425 984 479 quibus
1024 427 1171 465 tamen
1208 427 1435 465 moventur
1474 424 1605 465 etiam
1643 424 1871 466 fortissimi
1901 425 2000 479 viri,
2039 426 2089 466 ad

394 516 540 541 eorum
573 513 743 541 causam
776 511 842 537 me
876 495 1170 550 adiungerem,
1207 509 1259 536 ne
1293 494 1329 536 si
1362 509 1530 536 summa
1564 495 1735 549 quidem
1767 510 1914 537 eorum
1946 496 1991 536 in
2023 510 2090 536 me

393 571 549 612 merita
575 570 838 621 constarent3
872 581 968 607 cum
1000 569 1145 607 autem
1176 566 1222 606 in
1254 581 1298 607 re
1330 565 1503 620 publica
1530 565 1604 607 Cn.
1632 565 1862 620 Pompeius
1892 566 2089 621 princeps
2127 580 2142 604 5

393 644 505 682 esset
538 641 612 693 vir,
646 640 681 679 is
715 638 787 692 qui
819 638 930 679 hanc
961 637 1202 691 potentiam
1235 640 1278 679 et
1309 637 1495 692 gloriam
1521 636 1722 677 maximis
1754 637 1799 678 in
1831 652 1921 678 rem
1952 637 2090 691 publi-

392 727 483 753 cam
518 709 681 750 meritis
708 707 1179 762 praestantissimisque
1207 708 1335 749 rebus
1362 707 1498 762 gestis
1531 710 1645 748 esset
1671 710 1926 749 consecutus
1954 708 2090 749 cuius-

392 797 471 835 que
506 795 585 834 ego
619 779 845 834 dignitatis
879 779 932 820 ab
966 778 1258 820 adulescentia
1290 778 1452 832 fautor,
1484 778 1530 819 in
1560 780 1764 832 praetura
1797 781 1941 819 autem
1972 781 2016 820 et
2045 778 2090 819 iu

392 852 616 892 consulatu
649 850 821 891 adiutor
847 849 978 891 etiam
1004 850 1258 905 extitissem,
1292 864 1472 904 cumque
1498 849 1612 890 idem
1639 849 1898 891 auctoritate
1925 852 1968 891 et
1995 864 2089 890 sen-

390 921 526 962 tentia
569 935 644 975 per
682 935 744 973 se,
789 919 979 961 consiliis
1019 924 1062 961 et
1099 920 1254 962 studiis
1293 924 1436 962 tecum
1479 935 1545 962 me
1585 920 1818 962 adiuvisset
1862 935 2088 974 meumque

389 991 610 1032 inimicum
635 1006 769 1032 unum
799 991 846 1032 in
879 991 1052 1032 civitate
1078 991 1258 1033 haberet
1285 991 1520 1046 inimicum,
1550 1005 1637 1032 non
1662 991 1812 1045 putavi
1844 991 2004 1032 famam
2029 992 2090 1032 in-

390 1062 656 1103 constantiae
678 1062 783 1102 mihi
803 1062 1204 1117 pertimescendam,
1231 1062 1267 1103 si
1292 1062 1548 1118 quibusdam
1574 1063 1618 1103 in
1644 1062 1869 1103 sententiis
1895 1062 2090 1116 paullum

389 1148 455 1174 nie
498 1133 781 1174 inmutassem
825 1147 1050 1187 meamque
1100 1134 1367 1175 voluntatem
1419 1133 1472 1174 ad
1516 1133 1674 1174 summi
1717 1133 1798 1174 viri
1843 1133 1893 1174 de
1937 1147 2089 1187 meque

389 1204 550 1258 optime
590 1203 733 1245 meriti
771 1203 1028 1259 dignitatem
1061 1205 1376 1259 adgregassem.
1433 1205 1477 1245 in
1507 1204 1589 1246 hac
1628 1204 1843 1245 sententia
1881 1204 2088 1258 complec-

382 1276 534 1316 tendus
568 1278 659 1316 erat
692 1274 799 1315 mihi
833 1274 1002 1329 Caesar,
1034 1278 1083 1315 ut
1115 1274 1251 1329 vides,
1291 1275 1337 1316 in
1369 1275 1600 1316 coniuncta
1637 1278 1681 1316 et
1714 1290 1842 1316 causa
1874 1278 1916 1316 et
1951 1274 2086 1330 digni-

379 1349 487 1387 tate:
526 1346 596 1387 hic
629 1346 815 1386 multum
846 1345 984 1386 valuit
1017 1360 1114 1387 cum
1145 1348 1270 1387 vetus
1303 1346 1511 1400 amicitia,
1545 1360 1675 1400 quam
1706 1349 1755 1387 tu
1786 1361 1873 1387 non
1904 1346 2080 1401 ignoras

380 1417 487 1457 mihi
520 1420 562 1458 et
594 1416 754 1465 Quinto
793 1416 919 1457 fratri
958 1431 1053 1458 cum
1088 1415 1269 1458 Caesare
1308 1416 1459 1471 fuisse,
1498 1419 1591 1457 tum
1627 1416 1876 1458 humanitas
1910 1417 2000 1458 eius
2033 1431 2083 1458 ac

381 1488 621 1530 liberalitas
660 1488 780 1529 brevi
821 1490 1016 1542 ternpore
1056 1490 1099 1529 et
1137 1488 1297 1530 litteris
1337 1490 1380 1529 et
1420 1487 1573 1529 officiis
1615 1491 1842 1542 perspecta
1878 1487 2005 1529 nobis
2044 1489 2088 1528 et

381 1559 574 1614 cognita,
616 1559 893 1601 vehementer
931 1559 1063 1600 etiam
1100 1574 1168 1600 res
1201 1559 1297 1614 ipsa
1333 1558 1508 1613 publica
1541 1573 1607 1600 me
1640 1559 1794 1614 movit,
1834 1573 1941 1613 quae
1980 1557 2087 1599 mihi

381 1629 607 1671 videbatur
640 1630 973 1684 contentionem,
1004 1630 1261 1684 praesertim
1291 1630 1492 1672 maximis
1524 1631 1652 1671 rebus
1679 1645 1704 1671 a
1730 1628 1910 1671 Caesare
1937 1629 2087 1685 gestis,

380 1714 476 1740 cum
515 1700 601 1741 illis
634 1700 738 1741 viris
770 1699 885 1740 nolle
924 1699 1018 1740 fieri
1057 1702 1117 1754 et,
1154 1715 1207 1741 ne
1245 1700 1386 1753 fieret,
1425 1700 1701 1742 vehementer
1738 1715 1954 1757 recusare,
1992 1714 2087 1755 gra-

379 1771 553 1812 vissime
586 1774 731 1812 autem
763 1785 830 1812 me
862 1770 907 1811 in
938 1770 1019 1812 hac
1051 1774 1193 1812 mente
1226 1771 1400 1826 impulit
1432 1774 1476 1813 et
1507 1770 1687 1826 Pompei
1717 1772 1842 1826 fides,
1875 1785 2004 1826 quam
2035 1771 2085 1812 de

380 1856 446 1882 me
481 1840 655 1883 Caesari
687 1841 874 1894 dederat,
909 1843 952 1882 et
984 1841 1133 1882 fratris
1167 1841 1262 1896 mei,
1296 1857 1424 1896 quam
1449 1841 1675 1897 Pompei03
1709 1845 1832 1884 erant
1862 1844 2086 1897 praeterea

378 1912 484 1953 haec
511 1912 888 1954 animadvertenda
920 1912 965 1953 in
997 1912 1186 1967 civitate,
1219 1927 1327 1967 quae
1360 1915 1461 1954 sunt
1494 1914 1607 1967 apud
1632 1912 1861 1955 Platonem
1885 1915 2084 1954 nostrum

380 1983 542 2037 scripta
569 1983 786 2037 divinitus,
821 1983 967 2037 quales
993 1983 1039 2024 in
1065 1998 1109 2025 re
1136 1983 1310 2038 publica
1334 1984 1550 2039 principes
1578 1987 1732 2039 essent,
1764 1983 1866 2025 talis
1892 1983 2082 2038 reliquos

379 2054 515 2095 solere
549 2069 641 2095 esse
669 2054 794 2095 cives.
838 2053 1039 2095 tenebam
1065 2042 1275 2096 memoria
1300 2055 1425 2095 nobis
1453 2055 1702 2096 consulibus
1730 2070 1781 2096 ea
1804 2054 2084 2096 fundamenta

380 2124 495 2165 iacta
526 2140 577 2166 ex
604 2125 654 2166 K.
680 2124 892 2166 Ianuariis
927 2125 1209 2166 confirmandi
1244 2128 1429 2179 senatus,
1461 2127 1510 2166 ut
1542 2126 1758 2167 neminem
1784 2124 1932 2166 mirari
1959 2139 2082 2179 opor-

377 2198 488 2237 teret
524 2194 664 2237 Nonis
703 2195 927 2237 Decembr.
968 2198 1140 2237 tantum
1178 2196 1245 2238 vel
1285 2196 1418 2237 animi
1457 2197 1588 2238 fuisse
1626 2195 1672 2237 in
1709 2196 1784 2237 illo
1830 2195 1978 2238 ordine
2015 2195 2083 2236 vel

377 2267 663 2322 auctoritatis,
695 2267 892 2321 idemque
926 2267 1207 2309 memineram
1237 2268 1364 2309 nobis
1397 2267 1580 2322 privatis
1612 2282 1748 2322 usque
1776 2267 1828 2308 ad
1856 2265 2083 2308 Caesarem

376 2340 419 2378 et
455 2337 661 2379 Bibulum
706 2339 921 2392 consules,
966 2354 1063 2381 cum
1102 2338 1341 2380 sententiae
1380 2341 1555 2380 nostrae
1601 2352 1807 2394 magnum
1844 2338 1890 2378 in
1930 2339 2082 2378 senatu

495 2518 525 2548 1.
554 2513 692 2547 cinneis
720 2515 754 2547 ,Ω
781 2515 836 2559 (in
862 2514 910 2548 M
930 2514 964 2549 ci
991 2515 1058 2549 litt.
1086 2526 1227 2557 erasae,
1258 2515 1319 2549 sed
1338 2518 1423 2559 post
1448 2514 1502 2548 P¹
1536 2515 1598 2559 qui
1625 2525 1707 2547 cum
1733 2512 1786 2548 eis
1814 2514 1898 2559 Zeqit
1923 2534 1966 2538 —
1993 2524 2082 2548 cum

378 2560 468 2594 meis
494 2560 568 2603 ΡΞ,
601 2560 697 2594 sicut
728 2562 766 2595 et
795 2561 888 2596 meis
914 2563 955 2596 in
988 2574 1055 2607 my.
1083 2562 1119 2595 P
1142 2573 1165 2596 a
1189 2574 1233 2596 m.
1262 2563 1308 2596 al.
1337 2582 1398 2604 —‚
1430 2562 1472 2595 in
1497 2562 1533 2596 R
1560 2560 1701 2595 cinneis
1727 2573 1771 2596 m.
1801 2564 1818 2594 1
1846 2572 1891 2596 eoe
1923 2560 2079 2604 cinness,

377 2612 417 2641 ut
442 2609 540 2652 vict).
586 2607 724 2643 Cinnae
750 2610 803 2643 vel
829 2608 1006 2643 Cinnanis
1023 2609 1144 2644 —hoc
1168 2609 1242 2643 iam
1264 2609 1501 2644 Graevius—
1516 2610 1606 2643 coni.
1629 2608 1731 2643 Rzzhl
1755 2608 1965 2654 GKomysb.
1984 2609 2079 2642 wisa

379 2654 589 2690 Bloomtst
620 2655 679 2690 VI.
708 2659 809 2690 1878.
832 2659 970 2701 1226),
1009 2661 1125 2700 estque
1157 2655 1305 2690 Cinneis
1340 2657 1460 2699 forma
1491 2657 1599 2690 etiam
1630 2656 1668 2691 O.
1696 2655 1945 2699 Hirschfeldio
1975 2655 2081 2690 valde

377 2703 490 2736 ‘lubia
517 2703 572 2746 (cle
599 2701 786 2736 Cinnanus
812 2705 931 2746 forma
955 2716 986 2738 v.
1016 2704 1140 2738 τ111-611.
1168 2706 1193 2746 f.
1222 2705 1284 2738 lat.
1305 2704 1510 2748 Leoeicoyoz’
1539 2704 1555 2737 Ι
1570 2715 1608 2747 p.
1632 2704 1724 2747 179).
1751 2701 1843 2737 meis
1869 2703 1934 2736 Mr
1952 2704 1964 2746 ss
1984 2701 2078 2735 acci-

378 2747 475 2782 disse
508 2761 550 2783 ex
582 2748 763 2794 accipisse
790 2751 856 2784 Mc
880 2753 892 2795 11
924 2756 953 2786 8.
981 2750 1106 2785 fautor
1133 2751 1183 2795 G,
1218 2750 1366 2785 fauctor
1391 2751 1452 2793 M,
1484 2750 1605 2784 factor
1630 2751 1666 2785 R
1692 2751 1702 2794 ΙΙ
1732 2754 1762 2784 9.
1791 2748 1984 2784 consolatu
2011 2748 2079 2793 1111

378 2795 545 2830 extitisse
571 2797 619 2830 M
633 2798 644 2840 u
664 2807 820 2840 cumque
846 2799 927 2841 Mr‚
960 2808 1215 2841 quaecumque
1243 2800 1276 2832 Ω
1296 2799 1306 2841 ΙΙ
1327 2801 1381 2832 12.
1407 2797 1562 2842 paulum
1591 2798 1662 2832 GR
1681 2800 1692 2842 ΙΙ
1713 2801 1766 2831 13.
1793 2806 1912 2830 meme
1939 2796 1972 2830 G
1992 2797 2003 2838 ΙΙ
2022 2794 2077 2829 111-

377 2844 567 2885 putassem
593 2844 642 2877 M
670 2843 771 2887 (inm.
799 2845 877 2888 Mt)
904 2846 915 2888 ΙΙ
940 2855 1071 2888 meque
1099 2846 1160 2888 M,
1192 2856 1250 2879 me
1279 2845 1350 2880 GR
1376 2848 1387 2888 ss
1414 2849 1468 2879 14.
1497 2844 1723 2889 adgregasse
1749 2843 1810 2877 1111
1837 2845 1947 2887 (-sem
1973 2843 2022 2876 M
2025 2842 2079 2888 ⁰)[i

382 2892 433 2923 17.
461 2892 498 2923 et
524 2890 676 2939 Quinto]
704 2892 741 2925 et
766 2902 837 2935 que
857 2892 906 2926 M
928 2893 1025 2936 (quo,
1051 2897 1092 2926 ut
1117 2893 1203 2935 vid„
1229 2893 1319 2936 MP),
1347 2894 1459 2935 atque
1482 2892 1553 2927 GR
1572 2892 1583 2935 ΙΙ
1603 2896 1658 2926 22.
1684 2890 1969 2933 hanc-mentem
1989 2878 2079 2935 M04)

379 2936 541 2979 pompeii
568 2938 708 2972 (J'RMc
732 2940 744 2983 ss
776 2943 830 2973 24.
858 2949 953 2982 quae
986 2940 1072 2972 sunt
1103 2939 1203 2984 apud
1233 2939 1424 2984 platonem
1460 2940 1626 2973 nostrum
1651 2938 1732 2972 MG
1764 2938 1838 2981 (sed
1868 2938 1909 2971 in
1936 2937 1969 2972 G
1995 2941 2080 2981 post

379 2984 464 3015 sunt
495 2989 580 3018 nota
612 2987 789 3029 quaedam
820 2990 919 3021 eoetat
951 2997 1040 3029 quae
1073 2987 1157 3028 fort.
1192 2988 1509 3031 transpositionem
1538 2986 1714 3029 indicat),
1746 2994 1842 3027 quae
1874 2983 1974 3029 apud
1997 2983 2077 3028 pla—

378 3030 502 3081 tonem
536 3033 620 3064 sunt
652 3035 818 3067 nostrum
844 3034 880 3067 R
905 3035 917 3076 ΙΙ
948 3036 1002 3067 25.
1030 3032 1125 3067 tales
1154 3034 1243 3075 GR,
1276 3034 1402 3078 qualia
1433 3034 1539 3068 tacite
1571 3033 1619 3066 acl
1645 3032 1693 3065 M
1714 3032 1940 3074 conformata
1969 3031 2079 3076 sunm}

378 3079 432 3157 271.
461 3079 561 3158 lacit-a
587 3079 666 3122 ΜΓ,
704 3080 885 3115 iactatam
912 3080 973 3123 M,
1011 3079 1153 3114 iactata
1181 3081 1263 3115 GR.
1309 3080 1410 3115 iacta
1441 3079 1516 3114 iam
1548 3079 1678 3114 Baiter
1702 3080 1714 3123 ΙΙ
1746 3082 1800 3113 30.
1829 3077 2017 3113 consulem
2044 3079 2078 3112 Ω,

378 3126 405 3168 (-
425 3134 462 3157 es
489 3137 503 3158 i
540 3126 565 3169 l‘)

2111 933 2144 958 10

2108 1287 2141 1312 15

2107 1641 2141 1665 20

2104 1995 2138 2021 25

2102 2351 2136 2375 30
