2242 3496
394 133 477 173 256
990 127 1037 161 M.
1066 125 1206 159 TVLLI
1232 123 1482 158 CICERONIS

393 253 534 292 eures,
586 242 632 278 ut
676 239 773 277 ante
818 235 979 275 factum
1025 232 1198 286 aliquod
1244 248 1268 271 a
1312 235 1354 272 te
1401 230 1623 286 egregium
1668 229 1912 283 audiamus,
1958 243 2084 283 quam

392 309 583 349 futurum
618 307 866 361 putarimus.
924 303 1028 343 illud
1063 302 1143 343 tibi
1176 301 1398 355 promitto,
1432 300 1635 355 quicquid
1667 301 1750 341 erit
1782 315 1807 340 a
1838 303 1879 340 te
1912 299 2086 353 factum,

393 380 432 420 id
468 382 661 420 senatum
700 392 783 416 non
822 374 948 415 modo
986 376 1035 413 ut
1067 373 1269 427 fideliter,
1312 372 1384 413 sed
1423 372 1554 412 etiam
1587 375 1637 412 ut
1669 372 1887 425 sapienter
1922 371 2082 412 factum

393 449 781 502 comprobaturum.

1072 526 1210 568 XVII.
1263 525 1401 583 (397.)

935 601 1204 645 PLANCVS
1244 602 1537 646 CICERONI.

507 682 723 725 Antonius
755 681 895 735 †1dus
923 680 1060 722 Maias
1088 680 1327 736 ad„For·um
1354 679 1453 721 Iulii
1483 695 1579 721 cum
1611 679 1762 733 primis
1790 679 1924 734 copiis
1951 679 2087 734 venit,

394 754 615 796 Ventidius
660 752 777 793 bidui
818 752 958 805 spatio
998 753 1122 793 abest
1166 752 1219 793 ab
1265 767 1335 806 eo,
1379 751 1566 805 Lepidus
1611 751 1663 791 ad
1704 750 1864 792 Forum
1902 749 2085 792 Voconii

389 828 529 865 rastra
572 824 724 876 habet,
770 823 842 877 qui
886 823 1006 864 locus
1049 839 1073 864 a
1113 823 1228 865 Foro
1267 823 1367 872 Iulii
1413 824 1619 876 quattuor
1663 824 1706 863 et
1749 821 1905 877 viginti
1951 822 2086 863 millia

388 910 538 949 passus
574 895 712 947 abest,
750 894 895 948 ibique
934 909 1000 935 me
1040 897 1287 948 exspectare
1321 893 1567 948 constituit,
1606 892 1962 947 quemadmodum
1994 892 2085 946 ipse

390 966 493 1006 milii
527 965 710 1019 scripsit.
774 966 885 1019 quod
920 966 956 1006 si
990 965 1133 1006 omnia
1175 965 1281 1006 mihi
1320 965 1490 1020 integra
1522 967 1565 1005 et
1598 964 1688 1018 ipse
1721 966 1764 1005 et
1795 963 1971 1005 fortuna
2003 978 2086 1005 ser-

388 1038 510 1091 varit,
543 1037 703 1091 recipio
736 1037 859 1078 vobis
894 1036 1090 1078 celeriter
1116 1051 1183 1077 me
1209 1036 1433 1091 negotium
1460 1050 1511 1077 ex
1539 1035 1752 1076 sententia
1779 1033 2084 1076 confecturum.

342 1121 360 1148 2
387 1108 567 1149 fratrem
612 1122 755 1148 meum
799 1107 982 1148 assiduis
1033 1107 1256 1148 laboribus
1308 1106 1793 1160 concursationibusque
1844 1104 2085 1146 confectum

387 1180 577 1234 graviter
616 1194 659 1220 se
697 1179 901 1220 habuisse
941 1181 1068 1219 antea
1107 1179 1187 1219 tibi
1228 1178 1400 1233 scripsi,
1444 1178 1515 1219 sed
1555 1181 1718 1231 tamen,
1763 1192 1860 1218 cum
1897 1177 2084 1231 primum

386 1266 509 1304 posse
554 1251 721 1305 ingredi
760 1250 919 1305 coepit,
962 1265 1049 1291 non
1087 1249 1226 1305 magis
1266 1249 1350 1291 sibi
1389 1264 1518 1304 quam
1557 1249 1617 1290 rei
1655 1264 1695 1303 p.
1735 1263 1778 1289 80
1817 1247 2084 1289 convaluisse

384 1321 635 1363 existimans
669 1322 721 1363 ad
755 1322 898 1363 omnia
929 1321 1120 1376 pericula
1146 1322 1344 1375 princeps
1377 1335 1469 1362 esse
1502 1336 1588 1362 non
1621 1320 1866 1373 recusabat3
1899 1320 1972 1361 sed
2004 1333 2084 1375 ego

382 1408 477 1433 eum
514 1407 602 1434 non
640 1394 780 1434 solum
819 1393 1019 1435 hortatus
1060 1408 1174 1447 sum,
1217 1407 1366 1434 verum
1405 1392 1536 1433 etiam
1576 1391 1696 1446 coegi
1734 1391 1820 1432 isto
1859 1390 2084 1446 proficisci,

384 1464 496 1518 quod
528 1467 572 1505 et
603 1465 679 1505 illa
716 1464 960 1505 valetudine
1000 1464 1139 1519 magis
1178 1464 1387 1506 conficere
1426 1478 1469 1505 se
1510 1478 1637 1518 quam
1677 1478 1743 1504 me
1781 1462 1899 1503 iuare
1937 1465 2085 1516 posset

382 1535 425 1575 in
459 1534 630 1587 castris,
669 1537 711 1575 et
749 1534 862 1588 quod
895 1534 1174 1576 acerbissimo
1213 1534 1393 1575 interitu
1427 1534 1652 1575 consulum
1684 1548 1774 1574 rem
1806 1548 1845 1587 p.
1878 1533 2083 1574 nudatam

381 1606 459 1646 tali
500 1606 589 1647 cive
628 1608 828 1659 praetore
866 1605 912 1647 in
949 1605 1125 1646 urbanis
1167 1605 1322 1647 officiis
1366 1605 1559 1660 indigere
1605 1605 1926 1659 existimabam,
1971 1605 2084 1659 quod

381 1676 416 1717 si
450 1677 521 1730 qui
554 1679 746 1717 vestrum
777 1691 863 1717 11011
895 1676 1117 1731 probabit,
1157 1676 1263 1717 mihi
1301 1677 1576 1730 prudentiam
1608 1677 1653 1717 in
1685 1676 1864 1718 consilio
1897 1675 2082 1717 defuisse

333 1760 352 1787 :3
382 1748 509 1802 sciat,
540 1763 627 1789 non
658 1747 722 1788 illi
756 1762 858 1803 erga
890 1747 1076 1801 patriam
1109 1748 1377 1789 fidelitatem.
1440 1747 1627 1802 Lepidus
1660 1751 1825 1804 tamen,
1857 1748 1970 1802 quod
2002 1761 2090 1803 ego·

380 1819 697 1873 desiderabam,
742 1818 864 1871 fecit,
907 1822 955 1859 ut
994 1819 1195 1873 Apellam
1232 1820 1284 1860 ad
1323 1834 1389 1860 me
1431 1819 1644 1874 mitteret,
1690 1834 1773 1873 quo
1813 1819 1961 1860 obside
1999 1819 2082 1860 fide

381 1890 498 1931 illius
532 1893 574 1930 et
606 1888 828 1931 societatis
861 1890 905 1930 in
937 1905 981 1931 re
1014 1906 1052 1944 p.
1087 1891 1429 1932 administranda
1460 1893 1614 1932 uterer.
1672 1890 1717 1931 in
1742 1905 1791 1931 ea
1818 1905 1862 1932 re
1890 1890 2081 1931 studium

379 1961 485 2002 mihi
519 1976 644 2002 suum
669 1960 716 2001 L.
745 1959 910 2002 Gellius
937 1961 1028 2015 †de
1062 1962 1202 2003 tribus
1234 1961 1444 2003 fratribus
1479 1961 1720 2017 Segaviano
1752 1961 1966 2016 probavit,
1997 1975 2082 2016 quo
2129 1980 2135 1992 ›

380 2047 460 2087 ego
493 2033 729 2086 interprete
761 2032 994 2073 novissime
1023 2032 1074 2073 ad
1101 2032 1310 2087 Lepidum
1338 2048 1434 2074 sum
1466 2048 1588 2089 usus,
1621 2032 1806 2074 amicum
1833 2047 1930 2074 eum
1955 2033 2017 2074 rei
2042 2048 2082 2087 p.

382 2117 590 2158 cognosse
634 2103 801 2158 videor,
845 2103 1114 2158 libenterque
1154 2103 1192 2144 ei
1232 2118 1327 2145 sum
1372 2104 1624 2146 testimonio
1666 2109 1710 2146 et
1752 2104 1952 2146 omnibus
1997 2118 2084 2159 ero,

381 2175 454 2228 qui
491 2175 598 2215 bene
637 2177 867 2215 merentur.
930 2174 997 2216 fac
1035 2175 1179 2216 valeas
1217 2190 1370 2230 meque
1416 2178 1566 2217 mutuo
1606 2175 1761 2231 diligas
1807 2175 2082 2231 dignitatem-

381 2260 461 2299 que
501 2260 661 2300 meam,
706 2246 742 2287 si
781 2260 967 2300 mereor,
1011 2246 1193 2300 tuearis,
1239 2247 1352 2288 sicut
1391 2247 1529 2288 adhuc
1571 2246 1781 2302 singulari
1820 2261 1916 2289 cum
1958 2247 2081 2288 bene-

380 2317 568 2358 volentia
599 2316 752 2358 fecisti.

500 2424 528 2456 1.
557 2420 700 2465 aliquid
726 2422 794 2456 aliz?
819 2423 831 2466 11
856 2425 887 2456 2,
914 2423 1131 2466 putaremus
1157 2422 1239 2457 HD
1258 2424 1268 2467 ΙΙ
1287 2423 1429 2458 factum
1457 2434 1479 2457 a
1504 2425 1541 2458 te
1568 2424 1608 2458 H
1632 2425 1644 2468 ΙΙ
1671 2428 1701 2458 7.
1727 2423 1811 2457 idus
1838 2422 1957 2458 maias
1982 2422 2081 2466 MH,

381 2468 427 2501 1111
455 2468 538 2502 idus
565 2468 684 2502 maias
711 2469 758 2504 D.
797 2469 849 2504 Id.
877 2469 988 2503 Maiis
1016 2481 1047 2514 ς,
1074 2474 1164 2505 recte
1189 2475 1230 2505 ut
1255 2472 1341 2514 vid„
1375 2482 1564 2506 ‘numerum
1589 2472 1642 2507 vel
1667 2471 1762 2516 prid.
1789 2472 1961 2507 eoeeidisse
1986 2471 2078 2505 coni.

380 2518 510 2550 Baiter
546 2518 557 2560 ΙΙ
595 2520 625 2550 8.
653 2516 788 2550 Forum
813 2516 986 2562 Voconii]
1023 2518 1068 2560 cf.
1098 2518 1133 2552 G.
1154 2519 1186 2552 Ι.
1208 2518 1252 2553 L.
1274 2518 1341 2552 XII
1362 2530 1400 2563 1).
1423 2522 1489 2553 635
1528 2521 1539 2563 Η
1577 2522 1607 2554 9,
1641 2518 1779 2563 uiginti
1804 2518 1901 2562 HD,
1933 2530 1980 2551 xx
2005 2517 2080 2562 Ml}

380 2562 499 2597 millia
538 2563 585 2596 M
617 2565 676 2608 (ef.
715 2564 889 2599 Oberdick·
922 2565 1168 2600 Il'ocheuschr.
1201 2566 1227 2608 f.
1261 2566 1365 2601 klass.
1392 2566 1530 2601 Philol.
1566 2569 1655 2600 1889
1683 2578 1721 2611 p.
1750 2568 1848 2611 351),
1886 2565 1993 2599 milia
2029 2565 2079 2608 D,

381 2622 444 2644 om..
472 2611 516 2644 H
532 2612 543 2655 Η
565 2614 618 2645 10.
645 2611 795 2657 passus]
820 2623 998 2656 passuum
1025 2624 1056 2649 ς.
1102 2613 1147 2656 cf.
1171 2612 1206 2647 C.
1228 2614 1261 2648 Ι.
1281 2614 1326 2648 L.
1348 2613 1398 2647 IX
1419 2617 1521 2656 6075,
1548 2613 1632 2648 XIV
1659 2617 1749 2647 '2121
1777 2618 1809 2648 et
1833 2626 1864 2648 v.
1892 2612 2077 2648 Hellmuth

378 2669 497 2702 proyr.
531 2659 747 2704 ll'ircebury.
777 2663 867 2693 1888
888 2672 927 2704 Ρ.
951 2663 993 2693 13
1007 2671 1056 2704 sq.
1084 2661 1164 2694 iure
1191 2660 1359 2705 Wo'lfflin
1385 2662 1493 2695 etiam
1519 2662 1601 2696 belh·
1620 2662 1746 2704 Africi
1770 2661 1940 2705 scriptori
1964 2664 2078 2694 struc-

380 2710 500 2739 turam
525 2706 619 2740 110110
646 2707 826 2748 vulneri-em
855 2708 1013 2742 reddidit
1044 2709 1055 2752 ΙΙ
1088 2711 1141 2742 14.
1170 2709 1282 2742 antea
1307 2709 1362 2751 M,
1389 2710 1475 2742 ante
1502 2709 1583 2743 HD
1610 2710 1621 2753 ΙΙ
1650 2707 1781 2753 scripsi
1806 2707 1873 2756 sed
1897 2718 1941 2742 ex
1966 2705 2078 2751 scrip-

381 2751 489 2786 sisset
507 2752 569 2786 M}
587 2754 598 2797 Η
619 2756 672 2788 18.
700 2753 819 2799 111310]
845 2755 952 2788 tuare
980 2755 1032 2797 M,
1060 2754 1189 2789 iuuare
1210 2755 1300 2799 HD,
1326 2755 1423 2790 tueri
1444 2768 1463 2793 ς
1483 2758 1494 2801 11
1516 2760 1569 2791 18.
1587 2760 1640 2791 19.
1656 2757 1783 2800 posset
1806 2755 1846 2789 in
1871 2753 2003 2788 castris
2022 2754 2078 2797 M,

381 2804 411 2832 rt
431 2801 481 2833 8ίο
499 2800 538 2833 1)
563 2802 637 2834 m'szss
662 2801 756 2845 quod
781 2800 911 2845 possit,
938 2801 976 2834 in
1002 2802 1134 2836 castris
1161 2802 1281 2846 possit
1301 2802 1345 2836 H
1360 2805 1371 2847 11
1391 2807 1445 2838 22.
1474 2803 1569 2838 sciat
1588 2803 1679 2846 HD,
1707 2802 1822 2837 sciam
1841 2802 1890 2836 M
1904 2803 1916 2846 ΙΙ
1935 2802 2077 2846 tamen]

380 2847 531 2880 tandem
557 2848 626 2881 alii
656 2849 667 2892 Η
699 2851 753 2883 23.
782 2847 944 2892 apellam
969 2860 1012 2883 eoe
1038 2849 1201 2883 adellam
1228 2850 1305 2894 Ml,
1333 2850 1522 2895 appellaui
1547 2850 1628 2886 HD
1647 2852 1658 2895 ΙΙ
1677 2852 1765 2894 quo]
1792 2848 1891 2893 quod
1923 2850 1987 2892 ΨΙΙ
2005 2849 2078 2882 fide

383 2893 434 2935 M,
462 2898 494 2927 ct
519 2906 561 2928 eat
586 2894 672 2928 fidei
699 2895 746 2938 D,
773 2895 861 2929 fidei
887 2896 932 2929 H
959 2897 969 2939 Η
1002 2900 1056 2931 24.
1084 2898 1207 2931 uterer
1232 2910 1276 2932 ex
1302 2899 1484 2941 uteretur,
1517 2902 1557 2932 w‘
1582 2898 1668 2940 vid„
1691 2897 1853 2932 radendo
1879 2895 1923 2929 H
1939 2895 2008 2941 11111
2033 2906 2078 2930 03

383 2951 418 2972 re
447 2941 535 2984 HD,
562 2953 626 2975 om.
655 2943 701 2975 M
717 2944 728 2986 Η
749 2946 803 2977 25.
832 2942 1034 2987 segauiano
1061 2945 1115 2987 M,
1143 2944 1327 2989 eganiano
1349 2945 1438 2980 HD.
1476 2945 1514 2979 L.
1537 2944 1678 2979 Gellius
1697 2944 1739 2978 D.
1760 2943 1784 2978 f.
1806 2943 1895 2978 Fab.
1918 2942 2078 2988 Segovia

381 2987 434 3019 wel
461 2987 687 3031 Segovianus
716 2991 854 3025 (malim
874 2989 1113 3034 Segusiavos)
1144 2992 1256 3026 Orelli
1286 2994 1297 3036 {l
1328 2996 1383 3028 29.
1412 2991 1586 3026 8101111-
1608 2994 1662 3025 30.
1689 2990 1814 3025 fecisti
1839 3002 1904 3025 om.
1931 2990 2005 3035 Dl,
2036 2992 2077 3025 in

381 3044 448 3077 my.
475 3036 591 3078 suppl.
614 3036 685 3070 ΒΣ.
727 3039 875 3071 omissae
902 3049 1014 3081 porro
1035 3041 1075 3072 m
1100 3038 1139 3072 D
1166 3040 1252 3083 (mm
1278 3044 1396 3074 tamen
1421 3042 1461 3074 in
1486 3040 1758 3082 contaminatis)
1786 3042 1872 3073 sunt
1902 3039 2077 3082 epistulae

386 3084 437 3124 15,
461 3084 514 3123 19,
536 3086 591 3125 20,
615 3086 703 3115 1-3
725 3084 874 3127 (quibus
895 3086 1018 3129 certe).
1040 3087 1084 3128 cf.
1094 3087 1212 3130 praef.
1235 3088 1246 3130 ΙΙ
1266 3090 1320 3121 29.
1343 3086 1454 3120 athuc
1474 3086 1523 3120 M
1543 3086 1680 3131 (adhuc
1701 3086 1748 3119 M
1752 3087 1778 3130 r)
1797 3087 1808 3129 Η
1829 3085 1976 3129 singula
1991 3085 2080 3120 MH

2107 903 2141 927 10

2106 1259 2139 1283 15

2104 1616 2137 1639 20

2101 2325 2134 2349 30
