2242 3496
718 164 1054 199 EPISTVLARVM
1083 166 1122 200 X,
1153 168 1205 200 12.
1236 169 1288 199 13.
1319 169 1371 200 14.
1810 165 1893 205 253

198 272 376 315 talitati.
416 275 544 326 atque
578 272 679 312 haec
714 273 874 326 omnia,
917 288 1023 327 quac
1062 273 1222 314 habent
1254 273 1439 327 speciem
1479 272 1662 327 gloriae,
1700 272 1891 313 conlecta

198 343 462 384 inanissimis
495 342 735 396 splend‹·›ris
770 344 1029 398 insignibus,
1069 348 1311 398 contemne,
1344 344 1508 387 brevia,
1542 342 1704 392 fucata,
1737 343 1894 384 caduca

198 414 409 454 existima.
475 429 618 454 verum
661 415 788 456 decus
827 415 868 455 in
910 415 1066 455 virtute
1111 415 1299 468 positum
1340 418 1422 466 est,
1467 429 1574 468 quae
1614 414 1796 454 maxime
1837 414 1894 454 in-

199 484 409 525 lustratur
448 485 616 539 magnis
657 486 697 525 in
738 500 826 525 rem
866 500 903 538 p.
943 485 1124 526 meritis:
1170 500 1260 526 eain
1301 486 1551 526 facultatem
1594 484 1724 526 habes
1766 486 1893 526 maxi-

165 569 337 608 nmam3
381 570 508 610 quam
549 555 750 609 quoniam
795 556 1040 610 complexus
1079 570 1144 609 es,
1188 560 1305 597 tene:
1351 558 1526 610 perfice,
1570 559 1619 596 ut
1659 571 1711 596 ne
1754 556 1894 597 minus

198 641 264 667 res
296 642 333 680 p.
370 626 449 666 tibi
490 642 617 680 quam
658 630 702 667 tu
744 627 802 667 rei
837 642 875 681 p.
908 627 1072 667 debeas.
1138 642 1202 667 me
1242 630 1340 667 tuae
1379 626 1605 681 dignitatis
1643 641 1728 668 non
1768 628 1893 668 modo

197 697 423 751 fautorem,
455 697 526 738 sed
561 697 691 737 etiam
726 697 1084 751 amplificatorem
1122 711 1372 752 cognosces:
1407 698 1445 737 id
1480 712 1574 738 cum
1610 698 1668 738 rei
1703 713 1753 752 p.,
1786 712 1894 752 quae

198 768 302 808 mihi
338 768 471 808 vitast
504 782 599 808 mea
631 768 783 820 carior,
816 771 906 808 tum
935 772 1109 809 nostrae
1137 768 1440 809 necessitudini
1469 768 1621 810 debere
1649 783 1714 810 me
1743 769 1893 810 iudico.

197 841 325 892 atque
358 838 401 879 in
434 838 501 878 his
536 838 660 892 curis,
694 853 798 892 quas
832 838 993 879 contuli
1029 839 1079 879 ad
1113 839 1371 893 dignitatem
1406 842 1534 890 tuam,
1568 840 1657 894 cepi
1693 854 1892 894 magnam

145 922 178 947 ιο
196 909 478 963 voluptatem,
525 908 638 962 quod
683 909 789 949 bene
834 909 1054 964 cognitam
1102 910 1204 949 mihi
1244 910 1289 950 T.
1323 909 1488 951 Munati
1535 910 1806 964 prudentiam
1851 915 1894 951 et

196 980 323 1022 fidem
359 980 496 1035 magis
531 980 662 1020 etiam
692 980 890 1034 perspexi
923 980 967 1020 in
999 980 1089 1021 eius
1122 979 1363 1021 incredibili
1397 996 1499 1033 erga
1530 985 1572 1022 te
1605 981 1893 1023 benivolentia

196 1054 240 1092 et
271 1050 508 1106 diligentia.
566 1063 615 1092 111
643 1050 744 1092 Idus
772 1051 874 1105 Apr.

894 1156 1012 1199 xm.
1062 1156 1199 1213 (390.)

799 1250 1010 1293 CICERO
1049 1251 1294 1295 PLANCO.

146 1349 179 1374 15
244 1347 250 1352 ’
318 1334 380 1378 Ut
422 1335 611 1390 primum
656 1338 850 1390 potestas
897 1336 1042 1377 datast
1087 1336 1306 1391 augendae
1352 1336 1576 1391 dignitatis
1621 1340 1740 1390 tuae,
1790 1336 1895 1378 nihil

197 1407 468 1461 praetermisi
502 1408 546 1448 in
578 1410 620 1447 te
655 1406 865 1460 ornando,
897 1407 1008 1461 quod
1042 1407 1234 1461 positum
1267 1409 1380 1448 esset
1413 1411 1486 1447 ant
1520 1408 1562 1447 in
1595 1408 1785 1461 praemio
1819 1408 1898 1448 vir-

196 1478 304 1519 tutis
337 1481 412 1519 aut
443 1478 488 1518 in
521 1478 684 1519 honore
722 1477 970 1518 verborum:
1009 1477 1051 1517 id
1084 1492 1134 1518 ex
1167 1478 1262 1532 ipso
1296 1492 1326 1518 s.
1361 1493 1391 1519 c.
1426 1478 1587 1531 poteris
1621 1493 1900 1533 cognoscere,

195 1548 259 1590 ita
303 1549 416 1590 enim
461 1552 527 1590 est
571 1549 871 1603 perscriptum,
915 1551 964 1589 ut
1001 1563 1026 1589 a
1063 1563 1129 1589 me
1169 1549 1219 1589 de
1259 1549 1422 1603 scripto
1467 1549 1583 1589 dicta
1627 1550 1898 1603 sententiast,

198 1633 325 1674 quam
365 1622 539 1661 senatus
578 1620 779 1674 frequens
819 1622 992 1660 secutus
1032 1623 1098 1660 est
1137 1634 1304 1661 summo
1346 1619 1487 1660 studio
1527 1634 1769 1675 magnoque
1803 1635 1898 1662 con-

144 1704 179 1728 20
199 1705 338 1731 sensu.
401 1705 480 1746 ego
526 1705 785 1745 quamquam
830 1705 880 1731 ex
925 1690 1012 1731 tuis
1056 1690 1236 1745 litteris,
1282 1706 1387 1745 quas
1433 1690 1539 1732 mihi
1584 1691 1764 1746 misisti,
1809 1706 1898 1745 per-

198 1775 420 1815 spexeram
454 1763 496 1802 te
535 1761 674 1816 magis
717 1760 874 1802 iudicio
914 1761 1126 1802 bonorum
1165 1776 1293 1816 quam
1336 1762 1579 1817 insignibus
1624 1762 1788 1817 gloriae
1833 1763 1898 1803 de-

198 1831 368 1885 lectari,
412 1834 558 1872 tamen
603 1831 959 1883 considerandum
1004 1831 1131 1873 nobis
1176 1833 1440 1886 existimavi,
1485 1832 1654 1875 etiamsi
1700 1836 1747 1874 tu
1791 1833 1896 1873 nihil

196 1901 458 1957 postulares,
502 1905 710 1957 quantum
751 1902 833 1943 tibi
873 1918 897 1943 a
929 1917 973 1943 re
1005 1919 1043 1957 p.
1083 1903 1320 1945 deberetur.
1382 1907 1431 1945 tu
1469 1908 1670 1946 contexes
1710 1907 1900 1945 extrema

199 1988 295 2015 cum
340 1973 514 2027 primis:
560 1974 631 2028 qui
671 1974 784 2015 enim
823 1973 880 2015 M.
911 1974 1152 2016 Antonium
1198 1976 1482 2029 oppresserit,
1527 1975 1562 2016 is
1602 1975 1761 2015 bellum
1801 1989 1899 2016 con-

146 2059 177 2084 25
198 2044 366 2100 fecerit3
410 2045 556 2099 itaque
602 2044 818 2086 Homerus
863 2061 949 2087 non
990 2044 1167 2087 Aiacem
1211 2060 1289 2087 nec
1329 2045 1563 2100 Achillem,
1609 2046 1682 2086 sed
1726 2046 1897 2087 Ulixem

197 2115 431 2171 appellavit
463 2117 796 2171 πτολιπόρθιον.

897 2222 1011 2264 XIV.
1058 2223 1194 2278 (385.)

771 2315 982 2360 CICERO
1015 2315 1248 2358 PLANCO
1285 2316 1325 2358 s,

319 2400 354 2441 Ο
395 2403 564 2456 gratam
603 2400 764 2442 famam
808 2401 937 2441 biduo
983 2403 1081 2441 ante
1126 2400 1352 2441 victoriam
1392 2401 1442 2440 dc
1481 2400 1672 2441 subsidio
1711 2404 1803 2453 tuo,
1848 2402 1897 2441 de

144 2486 179 2510 30
199 2471 360 2525 studio,
405 2472 455 2512 de
493 2472 730 2525 celeritate,
774 2472 824 2512 de
864 2471 1016 2525 copiis!
1080 2474 1209 2525 atque
1248 2471 1377 2512 etiam
1417 2472 1616 2512 hostibus
1654 2472 1761 2512 fusis
1800 2486 1896 2525 spes

319 2604 348 2634 1.
382 2599 551 2634 conlecta
585 2611 714 2634 sanum
747 2603 848 2643 puto.
895 2598 1090 2633 collectam
1121 2600 1193 2643 (cx)
1226 2610 1263 2642 ς,
1302 2600 1507 2634 confectam
1542 2600 1688 2642 Baiter,
1727 2601 1897 2634 contecta.

202 2648 394 2682 Gitlbauer
419 2648 586 2691 (nvener-
611 2647 714 2682 stud.
741 2646 757 2679 I
778 2658 814 2690 1).
838 2650 896 2691 84)
922 2648 933 2690 ΙΙ
962 2651 992 2681 2.
1020 2647 1148 2680 fucata
1176 2646 1265 2688 HD,
1292 2646 1449 2691 fugaffia,
1476 2647 1513 2681 ia
1538 2648 1579 2681 in
1605 2659 1675 2681 ras.
1703 2659 1723 2680 a
1752 2647 1800 2680 M
1804 2651 1826 2689 ¹,
1854 2647 1898 2680 M

199 2695 346 2739 (fugato
386 2695 457 2728 1¹¹»
508 2694 658 2739 fugacia
691 2705 710 2730 ς
748 2695 759 2738 ΙΙ
796 2693 953 2728 caduca!
978 2723 986 2737 ‚
1027 2697 1044 2726 1
1079 2694 1146 2728 litt.
1180 2694 1213 2735 (e
1227 2694 1258 2737 ‘?)
1289 2706 1356 2736 er„
1396 2695 1436 2727 M
1473 2696 1484 2739 ΙΙ
1522 2698 1553 2729 3.
1594 2693 1894 2728 existimauerim.

200 2742 311 2776 decus
341 2742 382 2775 M
401 2744 412 2786 ΙΙ
433 2746 462 2776 εἰ.
491 2752 529 2775 es
556 2743 587 2786 (s
614 2743 655 2775 in
678 2752 750 2776 ras.
778 2753 801 2775 α
827 2741 907 2785 Mc)
934 2742 1031 2779 tene!
1055 2769 1063 2784 ‚
1104 2744 1120 2773 1
1150 2741 1217 2774 litt.
1245 2752 1306 2783 er„
1331 2741 1385 2784 M,
1412 2752 1450 2775 cs
1477 2743 1514 2775 et
1538 2743 1641 2775 tenes
1669 2742 1758 2783 III),
1785 2744 1895 2784 (com-

200 2789 344 2834 plexus)
370 2790 474 2823 tenes
504 2789 617 2823 (Ji-elli
645 2790 656 2832 ΙΙ
687 2792 717 2823 8.
745 2787 835 2821 mihi
863 2787 980 2822 uitast
1005 2798 1087 2821 inea
1113 2787 1197 2821 MJ)
1222 2788 1308 2831 (m'si
1334 2789 1429 2831 quod
1455 2787 1534 2822 uita
1560 2789 1616 2821 est
1644 2788 1779 2831 Mfllf),
1807 2787 1896 2822 mihi

201 2847 284 2871 mea
309 2838 366 2871 est
391 2836 471 2870 uita
497 2836 535 2870 Η
567 2838 578 2880 1[
611 2840 663 2870 15.
692 2837 734 2868 ut
765 2836 816 2879 (ct
841 2835 900 2879 Il)
931 2834 1089 2879 primum
1121 2835 1171 2878 Ψ,
1207 2836 1249 2868 ut
1279 2834 1437 2878 primum
1471 2835 1561 2868 mihi
1587 2837 1662 2870 iml.
1690 2836 1737 2869 M
1765 2838 1776 2880 ΙΙ
1808 2836 1898 2869 datu.

201 2885 258 2918 est
285 2885 363 2918 III)
393 2886 405 2928 11
441 2888 493 2918 16.
521 2885 619 2917 esset
645 2883 734 2926 111),
761 2884 818 2916 est
843 2883 888 2916 M
917 2884 928 2926 ΙΙ
963 2885 1014 2916 18.
1044 2880 1228 2916 sententia
1255 2884 1311 2915 cst
1336 2882 1490 2916 MCIIJ)
1519 2884 1530 2926 ΙΙ
1564 2886 1616 2917 19.
1644 2894 1756 2926 quam
1779 2903 1818 2907 -
1841 2884 1898 2917 est

201 2943 267 2966 mn.
294 2931 332 2966 1)
362 2933 374 2976 ΙΙ
405 2934 459 2965 20.
494 2942 602 2974 quas,
640 2943 655 2963 s
682 2932 720 2964 iu
753 2940 825 2964 φας.
852 2930 918 2963 Ille
949 2931 1046 2973 (Ῐονί.
1073 2940 1116 2963 ew
1142 2930 1211 2973 m),
1244 2930 1287 2963 M
1317 2931 1329 2973 ΙΙ
1361 2934 1414 2963 22.
1449 2929 1758 2963 considerandum
1792 2929 1897 2964 nobis

201 2978 406 3013 existimari
433 2980 512 3022 (sic)
539 2979 599 3022 M,
635 2976 943 3011 considerandum
976 2975 1189 3010 existimaui
1216 2976 1394 3020 (—marim
1421 2977 1480 3021 II)
1514 2976 1594 3010 HJ)
1624 2979 1636 3022 ss
1667 2981 1722 3012 24.
1749 2977 1796 3012 M.
1830 2978 1895 3012 del.

204 3026 327 3071 Kleyn
345 3027 358 3071 ΙΙ
377 3029 432 3060 25.
461 3025 602 3059 aiacem
629 3024 718 3068 HJ),
747 3024 913 3057 alancem
941 3024 984 3057 M
1002 3025 1014 3068 ΙΙ
1034 3027 1089 3058 26.
1116 3021 1387 3067 πτολιπόρθιον
1415 3035 1434 3061 ς
1460 3028 1491 3059 et
1519 3024 1650 3059 Baiter
1675 3026 1735 3068 (cf.
1758 3024 1863 3059 Hom.
1886 3038 1898 3057 ι

205 3075 283 3116 504,
305 3075 400 3116 530),
425 3071 697 3118 ptoliporthion
724 3071 833 3110 ('-ti0n
854 3072 918 3115 M)
950 3072 994 3105 Ψ.
1027 3068 1284 3114 πτολίπορθον
1303 3072 1370 3105 alii
1389 3073 1400 3116 Η
1419 3072 1470 3116 pt.
1498 3071 1582 3105 nale
1604 3071 1647 3105 H
1662 3073 1674 3116 ΙΙ
1693 3075 1747 3106 30.
1769 3072 1897 3117 atque]

204 3119 309 3163 atqui
334 3121 402 3155 alii
