2242 3496
397 196 495 230 XXX
1106 189 1387 224 PRAEFATIO.

518 306 683 344 mutata
721 301 892 342 tandem
932 314 998 339 res
1037 301 1104 338 est
1140 312 1173 338 a.
1204 297 1328 339 1874.
1391 313 1491 338 nam
1523 298 1671 339 eodem
1704 297 1791 339 sere
1823 301 2016 352 tempore
2050 302 2093 339 et

401 374 473 414 Fr.
496 373 606 414 Riihl
634 372 888 413 Harleianos
915 369 1012 409 illos
1040 368 1207 409 codices
1229 366 1429 409 Londinii
1456 368 1716 409 examinavit
1743 372 1942 423 recteque
1970 369 2094 410 aesti-

399 444 533 484 mavit
560 442 616 498 (v.
643 457 749 482 mus.
776 440 910 480 Rhen.
938 442 965 480 t
993 438 1114 479 XXX
1137 453 1176 492 p.
1198 440 1253 479 20
1269 437 1350 493 sq.)
1379 441 1421 479 et
1450 438 1542 480 Car.
1567 438 1723 479 Tltmot
1747 440 1937 481 codicem
1964 440 2094 481 Turo-

398 529 571 555 nensem
607 512 660 568 (v
688 527 725 564 p.
755 509 902 551 XVIII
930 508 1091 564 ad11.2)
1124 524 1210 550 non
1244 523 1369 563 posse
1397 508 1582 549 derivari
1615 523 1664 549 ex
1692 508 1882 551 Mediceo
1909 525 2093 563 pr-onun

398 585 534 625 tiavit.
598 598 680 637 quo
720 595 815 622 cum
855 580 1074 621 accederet
1106 579 1315 620 Wundeii
1356 578 1560 620 iudicium
1600 578 1649 619 de
1690 578 1803 620 111110
1835 579 2094 634 Erfurtensi,

398 655 521 707 plane
556 654 595 693 id
630 653 713 692 iam
747 651 1064 703 confirmatum,
1105 651 1219 691 haud
1252 650 1382 691 dubia
1415 650 1562 690 extitit
1593 649 1826 690 necessitas
1867 651 2002 692 totius
2033 652 2091 692 rei

397 725 567 778 penitus
588 722 929 776 perscrutandae.
975 725 1237 775 quapropter
1267 735 1360 776 ego,
1388 721 1461 775 qui
1482 735 1517 761 a.
1541 720 1654 761 1875
1674 719 1915 761 Mediceum
1936 721 2093 762 librum

398 795 736 847 exploraveram,
776 793 907 833 etiam
947 795 1111 834 ceteros
1145 792 1330 846 codices,
1368 795 1599 846 postquam
1633 791 1816 832 societas
1851 792 1954 832 olim
1997 806 2094 833 cum

397 864 554 905 Riihlio
588 864 697 904 inita
730 863 892 904 exitum
924 878 1010 904 non
1037 863 1202 918 habuit,
1237 863 1340 904 mihi
1368 863 1642 904 excutiendos
1670 862 1834 916 sumpsi
1859 861 2093 916 profectus-

399 949 478 989 que
523 949 558 975 a.
593 935 706 976 1882
751 934 795 974 in
832 933 1033 987 Europae
1076 938 1221 988 partes
1267 934 1551 975 occidentales
1591 935 1633 973 et
1670 947 1800 986 puros
1838 933 1973 974 libros
2013 947 2096 987 qua

398 1006 518 1059 potui
565 1005 791 1060 diligentia
835 1005 998 1046 contuli
1043 1008 1087 1045 et
1131 1005 1370 1045 examinavi
1416 1003 1745 1045 contaminatos.
1815 1003 1920 1044 haec
1964 1004 2100 1059 igitur

398 1074 529 1116 editio
568 1076 708 1129 prima
746 1076 878 1116 habet
914 1076 991 1116 has
1025 1076 1232 1129 epistulas
1265 1076 1316 1116 ad
1351 1089 1498 1116 omnes
1533 1074 1605 1128 qui
1639 1074 1684 1114 in
1718 1088 1892 1115 censum
1924 1075 2102 1116 veniunt

399 1147 564 1187 codices
611 1149 800 1187 exactas:
851 1155 951 1187 nam
997 1161 1105 1200 quae
1150 1146 1243 1199 ipsa
1288 1159 1456 1199 quoque
1500 1159 1636 1186 novos
1681 1145 1816 1186 libros
1862 1144 2103 1200 adsumpsit

399 1217 591 1258 omnium
623 1215 842 1258 Ciceronis
882 1217 1165 1271 epistularum
1204 1217 1337 1258 editio
1374 1216 1634 1269 Tyrrelliamz
1668 1216 1718 1256 ad
1751 1216 1881 1257 finem
1912 1216 2101 1257 nondum

398 1288 605 1341 pervenit.
620 1287 660 1342 ¹)

516 1359 561 1399 in
592 1358 698 1412 ipsis
731 1359 868 1412 igitur
900 1359 1042 1400 verbis
1075 1357 1313 1399 tractandis
1347 1372 1474 1411 quem
1508 1357 1561 1398 ad
1594 1358 1768 1398 modum
1797 1361 1992 1399 versatus
2020 1359 2102 1399 sim

399 1445 449 1471 ex
481 1430 541 1471 eis
575 1445 682 1485 quae
716 1444 845 1483 supra
877 1430 926 1470 de
961 1430 1157 1471 codicum
1190 1428 1433 1470 rationibus
1469 1429 1664 1482 exposita
1691 1431 1792 1469 sunt
1818 1429 1925 1469 satis
1952 1429 2102 1470 elucet.

398 1500 443 1541 in
474 1501 617 1554 priore
653 1501 789 1557 igitur
820 1504 942 1555 parte
976 1500 1148 1541 evidens
1183 1500 1357 1541 omnino
1392 1503 1434 1540 et
1468 1499 1698 1540 manifesta
1732 1499 1911 1541 Medicei
1943 1499 2102 1541 codicis

399 1585 501 1625 prae
546 1573 699 1613 ceteris
744 1575 810 1613 est
855 1571 1046 1624 bonitas,
1090 1571 1135 1612 in
1173 1571 1310 1612 altera
1349 1585 1444 1611 cum
1483 1570 1600 1610 illius
1641 1585 1770 1611 causa
1808 1569 1949 1612 minus
1987 1573 2104 1612 certa

399 1642 533 1683 videri
568 1643 726 1696 possit,
764 1656 843 1697 ego
878 1656 1139 1697 quamquam
1172 1641 1341 1694 suscepi
1373 1656 1423 1681 ex
1457 1641 1495 1681 Y
1528 1655 1635 1694 quae
1669 1641 1940 1694 suscipienda
1971 1644 2105 1695 erant,

398 1714 654 1766 primarium
693 1714 830 1755 denuo
872 1713 983 1753 libro
1024 1712 1318 1753 vetustissimo
1359 1711 1491 1752 tribui
1530 1711 1682 1752 10611111.
1747 1711 1921 1753 0111111110
1959 1715 2104 1754 autem

401 1787 566 1825 ceteros
594 1786 762 1826 codices
790 1787 911 1825 tanto
941 1798 1067 1838 opere
1095 1784 1327 1836 posthabui
1348 1781 1540 1823 Medioeo
1562 1783 1605 1822 111
1624 1785 1746 1836 parte
1768 1783 2101 1838 orthographica

401 1861 448 1895 ut
480 1855 668 1909 plurima
700 1870 848 1896 eorum
881 1855 987 1895 vitia
1021 1855 1260 1908 scripturae
1297 1879 1345 1882 —
1383 1853 1542 1894 velut<
1548 1853 1584 1893 e’
1620 1868 1695 1906 pio
1728 1853 1820 1907 eae',
1858 1854 1910 1895 ‘c’
1942 1869 2021 1908 pro
2055 1853 2105 1894 ‘t'

402 1941 595 1980 quaeque
629 1927 713 1967 alia
744 1927 787 1966 id
820 1929 921 1966 sunt
954 1939 1090 1980 genus
1124 1925 1253 1966 medii
1287 1925 1380 1965 aevi
1412 1928 1590 1978 peccata
1624 1950 1678 1953 —
1712 1925 1885 1966 silentio
1918 1928 2105 1979 praeter-

401 1996 604 2037 miserim.
656 2010 916 2050 quamquam
949 1996 1029 2036 hac
1061 1994 1106 2036 in
1131 1998 1254 2049 parte
1281 1995 1598 2036 inconstantiae
1627 1997 1688 2037 sic
1715 2010 1885 2050 quoque
1913 1996 2105 2037 accusari

403 2081 600 2121 possum,
638 2067 766 2121 idque
808 2070 983 2121 propter
1021 2066 1158 2121 ipsius
1196 2066 1376 2107 Medicei
1414 2065 1481 2106 his
1514 2066 1559 2107 in
1591 2067 1719 2107 rebus
1758 2066 2105 2108 inconstantiam.

405 2138 571 2180 scilicet
598 2138 793 2192 quamvis
820 2138 957 2178 multa
977 2137 1022 2178 in
1041 2137 1116 2178 illo
1138 2140 1286 2178 extent
1306 2137 1517 2191 genuinae
1538 2127 1847 2191 Tullianaeque
1869 2138 2105 2192 scripturae

407 2209 611 2264 vestigia,
648 2209 983 2263 haudquaquam
1021 2209 1175 2249 desunt
1213 2207 1375 2248 formae
1414 2208 1480 2248 vel
1515 2208 1818 2262 imperatoriae
1851 2209 2007 2249 aetatis
2042 2208 2106 2249 vel

402 2280 621 2321 barbarae.
684 2279 762 2320 has
801 2279 1005 2320 nimirum
1044 2279 1167 2332 eieci,
1206 2279 1249 2318 in
1287 2278 1373 2319 illis
1413 2279 1554 2320 minus
1594 2279 1654 2320 fui
1695 2293 1877 2320 severus.
1949 2279 2106 2333 quippe

402 2355 500 2392 ante
547 2352 692 2392 omnia
730 2351 775 2391 in
814 2366 944 2404 opera
981 2350 1061 2392 hac
1102 2350 1253 2391 critica
1292 2350 1332 2390 id
1373 2351 1586 2405 agendum
1632 2351 1778 2391 censui
1822 2353 1871 2392 ut
1911 2350 2105 2404 primarii

403 2421 522 2463 ducis
572 2423 717 2477 imago
769 2422 869 2462 talis
923 2422 1062 2475 qualis
1108 2424 1222 2462 esset
1264 2420 1500 2462 lectoribus
1546 2425 1875 2475 proponeretur,
1925 2421 2106 2474 ideoque

403 2493 564 2534 tradita
601 2493 862 2534 lineamenta
900 2492 1028 2533 nimis
1067 2492 1187 2533 nolui
1227 2492 1497 2532 conturbare.
1560 2492 1621 2532 sic
1659 2491 1823 2532 factum
1861 2494 1909 2532 ut
1947 2492 1993 2532 in
2026 2491 2107 2532 hac

405 2565 590 2605 editione
634 2565 760 2605 modo
806 2567 922 2604 extet

967 2564 977 2580 C
1932 2562 1943 2580 Q

983 2562 1183 2616 epistola'
1229 2563 1356 2603 modo
1402 2563 1631 2615 ‘epistula’‚
1677 2561 1805 2603 ‘cum'
1848 2565 1890 2603 et
1949 2562 2108 2617 quom',

404 2635 513 2676 ‘abs'
559 2638 601 2675 et
645 2633 766 2688 ⁰aps',
811 2633 1075 2675 ‘benevolus’
1122 2636 1165 2674 et
1212 2633 1479 2688 ebenivolus’,
1524 2633 1757 2687 ‘quamtus'
1796 2637 1838 2674 et
1877 2632 2108 2687 equantus’,

405 2705 628 2759 erecipero'
655 2708 698 2746 et
725 2705 975 2760 ‘recupero',
1007 2704 1230 2759 ‘paullum’
1253 2707 1296 2744 et
1323 2704 1545 2759 ‘paulum’,
1570 2704 1873 2758 ‘opportunus’
1900 2707 1942 2745 et
1969 2704 2106 2757 ‘opor-

405 2776 562 2826 tunus'‚
596 2776 780 2830 ‘prosus'
815 2779 857 2816 et
890 2775 1110 2830 tprorsus',
1143 2775 1239 2816 alia.
1303 2778 1474 2816 constat
1505 2778 1651 2817 tamen
1676 2792 1728 2817 ne
1761 2776 1899 2830 ipsam
1934 2773 2106 2828 quidem

526 2909 558 2939 1)
586 2904 786 2938 dolendum
819 2903 917 2947 quod
949 2903 987 2936 in
1018 2914 1156 2947 magna
1188 2902 1255 2936 illa
1287 2902 1445 2947 utilique
1478 2915 1590 2948 opera
1622 2902 1691 2936 soli
1724 2901 1869 2936 codices
1902 2901 2106 2936 Britannici

407 2949 526 2983 denuo
554 2954 637 2984 sunt
665 2951 818 2994 excussi,
847 2950 959 2984 ceteri
981 2950 1099 2984 adlati
1120 2961 1163 2983 ex
1185 2950 1343 2983 aliorum
1364 2950 1619 2984 relationibus.
1664 2949 1718 2983 ita
1738 2960 1804 2983 116(Ι
1826 2949 1988 2984 rationes
2009 2949 2108 2982 codi-

408 3008 489 3029 cum
523 2998 611 3030 satis·
645 3001 799 3042 possunt
831 2997 991 3043 perspici
1024 3000 1061 3029 et
1094 2997 1249 3041 8111811118
1283 2997 1321 3030 in
1353 2997 1443 3031 10618
1477 3008 1586 3043 aegre
1617 2996 1759 3030 vitatur
1787 3008 1897 3031 err01
1948 2996 1987 3030 in
2011 3007 2109 3030 nova

408 3043 523 3087 igitni
555 3045 716 3078 editiom
743 3045 948 3079 Turonensi
975 3044 1092 3077 codici
1121 3045 1191 3077 erit
1217 3044 1497 3078 substituendus
1523 3026 1730 3086 I’aiisinus
1763 3043 1990 3077 omittendus
2016 3043 2108 3077 Har-

408 3090 551 3124 1611111118
579 3096 678 3135 2591,
707 3093 844 3136 ubique
871 3091 1120 3126 adsumendus
1142 3091 1335 3124 Palatinus
1364 3098 1443 3135 590²,
1468 3094 1549 3124 tota
1576 3091 1734 3134 denique
1762 3091 1957 3125 adnotatio
1978 3090 2109 3124 critica

409 3140 715 3182 recognoscenda.
