2242 3496
696 217 1032 255 EPIS'rVLARVM
1063 222 1120 256 ΙΙΙ.
1148 227 1178 257 2.
1207 227 1238 257 3.
1267 227 1296 258 »1.
1784 228 1839 266 53

147 323 308 367 Fabius
341 324 477 365 eidem
512 325 824 367 demonstravit
856 330 897 369 tc
932 329 970 370 id
1004 329 1220 383 cogitasse
1253 331 1407 386 facere,
1439 333 1534 386 sed,
1566 348 1662 374 cum
1698 335 1785 389 ipsc
1819 352 1843 377 a

146 399 188 437 te
220 394 469 448 discederet,
502 395 717 450 integrum
753 398 939 440 militnm
968 416 1189 442 numerum
1225 401 1373 444 fuisse:
1407 403 1446 444 id
1480 403 1515 444 si
1550 404 1610 444 ita
1643 408 1720 451 est,
1756 421 1841 459 per-

144 469 319 523 gratum
351 466 457 507 mihi
491 466 660 521 feceris,
699 469 734 508 si
769 469 874 510 istas
907 471 1081 526 exiguas
1121 473 1283 527 copiam,
1323 489 1428 528 quas
1467 474 1675 526 habuisti,
1714 490 1840 530 quani

145 537 320 580 minime
354 536 625 591 inminueris3
665 554 748 592 qua
780 539 829 580 de
863 555 906 581 re
940 543 1075 583 senati
1110 545 1307 584 consulta
1347 560 1454 598 quac
1488 545 1602 587 facta
1635 551 1751 601 sunt,
1789 550 1838 589 ad

106 611 186 651 ate
218 608 350 650 missa
388 622 480 649 esse
513 608 712 650 arbitror.
769 611 963 664 equidem
998 628 1074 667 pro
1109 629 1175 665 eo,
1215 615 1362 668 quanti
1397 617 1599 671 tcufacio,
1639 618 1839 672 quicquid

141 678 313 733 feceris,
351 678 617 733 adprobabo,
657 680 727 720 sed
763 683 804 721 tc
839 697 1004 736 quoquc
1039 684 1205 725 confido
1240 700 1288 725 oa
1321 686 1553 742 sucturum,
1595 704 1700 743 quae.
1736 691 1837 731 mibi

141 750 367 806 intelleges
401 749 585 790 maxime
619 764 713 791 esse
745 753 1078 795 acconnnodaita.
1132 769 1210 810 ego
1245 756 1288 796 Ο.
1317 755 1614 812 Pmnptinum,
1648 760 1836 812 legatum

141 836 295 876 meum,
327 820 548 862 Brundisii
581 822 861 876 expectabam
896 838 1074 878 eumque
1109 829 1206 867 ante
1242 826 1290 867 Κ.
1319 827 1408 869 lim.
1436 828 1710 871 Brundisium
1745 847 1838 873 vcn-

139 895 286 934 turum
331 891 539 946 arbitror3
584 892 657 946 qui
697 907 792 934 cum
837 895 1016 949 venerit,
1063 911 1169 950 quac
1217 898 1400 950 primum
1447 900 1673 955 navigandi
1712 902 1837 943 nobis

87 977 121 1002 ιο
138 962 324 1005 facultas
356 962 458 1004 data
489 963 589 1018 erit,
621 966 804 1006 utemur.

877 1106 951 1149 iv.
995 1106 1102 1164 (78.)
1330 1163 1342 1174 ο

514 1212 758 1267 <CICERO
794 1212 833 1256 s.
861 1213 912 1256 D.
940 1213 1110 1256 APPIO
1146 1214 1460 1271 PVLCHRO>

254 1320 397 1363 Pridie
424 1319 573 1362 Nonas
599 1319 758 1376 Iunias,
791 1335 887 1363 cum
921 1335 1058 1363 essem
1085 1321 1313 1377 Brundisii,
1347 1323 1514 1366 litteras
1548 1327 1644 1367 tuas
1677 1328 1832 1382 accepi,

135 1392 292 1448 quibus
331 1393 424 1434 erat
465 1391 676 1446 scriptum
715 1394 757 1433 te
796 1391 841 1433 L.
877 1391 1026 1434 Clodio
1069 1393 1310 1448 mandasse,
1355 1409 1461 1448 quae
1506 1396 1627 1438 illum
1667 1412 1832 1440 mecum

84 1475 115 1501 15
134 1462 255 1519 loqui
279 1462 429 1505 velles:
462 1477 559 1504 eum
587 1477 688 1505 sane
716 1463 1005 1518 expectabam,
1037 1466 1086 1505 ut
1113 1479 1172 1519 ea,
1205 1479 1312 1519 quae
1346 1480 1370 1506 a
1401 1468 1442 1506 te
1476 1466 1671 1522 adferret,
1705 1484 1831 1523 quam

133 1534 322 1590 primum
354 1547 671 1590 cognoscerem.
729 1548 871 1575 meum
905 1534 1094 1575 studium
1127 1549 1229 1590 erga
1262 1539 1303 1577 te
1336 1539 1379 1577 et
1412 1537 1620 1592 officium,
1659 1541 1830 1582 tametsi

133 1605 283 1648 multis
315 1605 402 1647 iam
441 1605 569 1646 rebus
610 1619 734 1659 spero
774 1605 855 1646 tibi
895 1619 986 1646 esse
1027 1606 1266 1661 cognitum,
1304 1610 1448 1648 tamen
1479 1608 1523 1649 in
1556 1609 1616 1650 eis
1649 1610 1830 1653 maxime

133 1676 378 1732 declarabo,
416 1675 574 1731 quibus
612 1676 848 1731 plurimum
888 1676 1129 1731 significare
1168 1680 1347 1731 potuero
1388 1681 1507 1720 tuam
1547 1680 1652 1721 mihi
1690 1681 1831 1723 existi-

133 1748 369 1790 mationem
409 1751 453 1789 et
490 1747 750 1804 dignitatem
783 1746 1052 1789 carissimam
1091 1762 1193 1790 esse.
1252 1749 1358 1790 mihi
1391 1752 1434 1790 et
1467 1749 1513 1799 Q.
1540 1749 1696 1793 Fabius
1729 1751 1831 1794 Ver-

79 1832 113 1858 20
132 1819 320 1876 gilianus
365 1821 408 1861 et
453 1816 496 1860 C.
534 1817 714 1861 Flaccus
749 1817 796 1860 L.
834 1819 860 1860 f.
908 1821 950 1860 et
994 1819 1324 1875 diligentissime
1369 1819 1424 1861 M.
1458 1820 1660 1863 Octavius
1699 1821 1770 1864 Cn.
1804 1823 1831 1864 f.

131 1890 448 1933 demonstravit
474 1905 542 1932 me
576 1904 600 1931 a
631 1893 674 1932 te
707 1890 883 1945 plurimi
910 1890 1018 1945 fieri;
1052 1889 1165 1944 quod
1193 1893 1364 1946 egomet
1391 1892 1539 1934 multis
1567 1894 1829 1947 argumentis

131 1961 218 2004 iam
256 1964 385 2004 antea
421 1961 658 2003 iudicaram
700 1960 971 2015 maximeque
1004 1960 1080 2003 illo
1112 1961 1224 2003 libro
1258 1963 1470 2018 augurali,
1510 1978 1635 2017 quem
1674 1964 1725 2005 ad
1765 1980 1829 2005 mc

131 2032 429 2076 amantissime
457 2032 667 2088 scriptum
693 2033 997 2075 suavissimum
1018 2032 1186 2073 misisti.
1239 2047 1333 2074 mea
1359 2033 1404 2074 in
1430 2036 1472 2075 te
1499 2035 1642 2075 omnia
1665 2049 1827 2076 sumnia
1858 2055 1874 2076 ·.

130 2103 460 2146 necessitudinis
494 2103 636 2146 officia
668 2104 948 2158 constabunt3
984 2118 1085 2145 nam
1124 2118 1221 2145 cum
1252 2106 1294 2146 te
1326 2104 1486 2159 ipsum,
1525 2119 1574 2146 ex
1609 2120 1691 2159 quo
1724 2109 1828 2147 tem-

78 2187 111 2212 25
130 2189 234 2230 pore
273 2176 321 2216 tu
359 2189 427 2216 me
465 2173 643 2230 diligere
683 2174 882 2229 coepisti,
929 2174 1084 2216 cotidie
1118 2174 1251 2228 pluris
1291 2174 1390 2229 feci,
1427 2178 1520 2216 tum
1560 2180 1828 2217 accesserunt

129 2245 260 2287 etiam
305 2244 628 2288 coniunctiones
673 2245 1014 2288 necessariorum
1058 2248 1231 2287 tuorum
1271 2270 1324 2275 ——
1365 2245 1446 2287 duo
1491 2246 1603 2287 enim
1648 2247 1825 2289 duarum

130 2319 323 2359 aetatum
366 2316 542 2371 plurimi
592 2316 725 2372 facio,
777 2316 850 2359 Gn.
896 2316 1169 2371 Pompeium,
1219 2316 1332 2357 filiae
1379 2319 1476 2357 tuae
1521 2331 1734 2369 socerum,
1785 2322 1827 2359 ct

129 2386 187 2430 M.
217 2387 419 2443 Brutum,
463 2401 668 2444 generum
712 2392 835 2431 tuum
871 2412 920 2417 —
957 2387 1225 2442 conlegiique
1268 2386 1531 2440 coniunctio,
1573 2389 1825 2441 praesertim

131 2461 222 2500 tam
253 2458 489 2502 honorifice
517 2475 542 2502 a
566 2463 609 2502 te
637 2461 887 2516 adprobata,
921 2473 1007 2500 non
1040 2457 1253 2500 mediocre
1280 2457 1495 2499 vinculum
1522 2457 1627 2498 mihi
1655 2458 1824 2512 quidem

78 2542 113 2567 30
132 2529 331 2572 attulisse
351 2530 521 2573 videtur
547 2532 598 2573 ad
626 2532 871 2574 voluntates
892 2533 1063 2571 nostras
1085 2529 1353 2583 copulandas.
1399 2529 1469 2569 sed
1492 2531 1544 2582 ct,
1571 2527 1606 2569 si
1628 2526 1822 2569 Clodium

251 2663 280 2694 1.
307 2658 429 2694 eidem
453 2661 498 2703 Ω,
525 2659 623 2694 idem
651 2671 671 2697 ς
703 2662 715 2704 ΙΙ
742 2664 824 2704 post
850 2658 970 2693 cidem
997 2662 1016 2690 3
1044 2658 1110 2691 litt.
1137 2669 1184 2691 er.
1214 2658 1251 2690 in
1278 2657 1325 2690 M
1352 2657 1362 2699 ΙΙ
1394 2660 1424 2690 3.
1452 2655 1542 2689 istas
1569 2667 1612 2689 cv
1637 2654 1708 2689 istu
1736 2656 1800 2689 Mc
1823 2664 1825 2698 ς

131 2709 162 2740 4.
190 2705 328 2752 senati]
362 2708 492 2741 senato
519 2706 591 2750 M¹‚
632 2709 712 2741 -tus
740 2707 811 2742 GR
844 2707 924 2750 (Me
952 2706 1002 2740 vel
1028 2705 1103 2744 Ns)
1136 2706 1146 2747 ΙΙ
1177 2703 1345 2737 consulto
1372 2703 1416 2736 M
1451 2704 1462 2746 {1
1501 2706 1529 2736 7.
1558 2714 1635 2735 csse
1671 2714 1735 2736 vm.
1765 2703 1799 2737 R

119 2752 168 2788 C.
187 2752 444 2800 Pomptinum]
480 2753 607 2789 consul
634 2753 856 2798 pomitinum
882 2754 916 2786 ,Ω
946 2754 957 2796 ΙΙ
990 2756 1020 2786 8.
1049 2750 1278 2784 brundisium
1305 2762 1348 2784 ea:
1374 2748 1569 2783 brundiinn
1600 2750 1673 2791 Mc,
1708 2749 1822 2783 -sium

129 2811 174 2836 ecc
199 2800 262 2835 -sii
287 2801 340 2836 R¹
360 2802 371 2846 ΙΙ
392 2805 423 2836 9.
451 2801 611 2835 arbitror
631 2802 696 2835 Ille
706 2801 788 2844 GR,
817 2799 1027 2834 arbitrabor
1047 2797 1119 2841 M1,
1149 2797 1359 2831 arbitrabar
1385 2808 1417 2836 ς,
1443 2798 1526 2839 fort.
1555 2801 1642 2830 recte
1661 2798 1672 2838 Η
1694 2801 1745 2831 12.
1769 2798 1822 2831 in—

128 2849 358 2894 scriptionem
389 2860 455 2884 om.
482 2850 516 2883 Ω
547 2849 627 2891 (ΜιΓ
652 2849 692 2882 in
718 2860 803 2893 my..-
835 2847 956 2891 Caput
987 2844 1139 2879 altr-iius
1173 2844 1367 2889 epistolae)
1404 2846 1414 2886 ΙΙ
1455 2848 1506 2878 13,
1541 2843 1721 2877 brundisti
1756 2845 1814 2887 M,

131 2897 185 2930 14.
211 2894 268 2941 L.]
295 2895 436 2930 lentulo
463 2897 497 2930 Ω
521 2897 532 2939 ΙΙ
563 2898 616 2929 17.
643 2894 712 2938 eis]
741 2894 798 2928 his
825 2896 858 2928 ,Ω
886 2896 897 2937 ΙΙ
927 2898 980 2927 19.
1010 2894 1049 2933 Q.
1077 2904 1141 2926 om.
1169 2892 1205 2926 R
1235 2893 1246 2935 11
1281 2896 1333 2925 19.
1361 2896 1415 2924 20.
1443 2889 1662 2932 uirgilianns
1688 2890 1821 2933 (gibai-

128 2952 198 2977 nus
225 2942 273 2987 G)
302 2943 374 2978 GR
393 2944 404 2988 ΙΙ
424 2947 478 2978 20.
507 2943 561 2988 ij
589 2938 716 2977 consul
742 2943 806 2985 5211
835 2941 895 2975 Cn.
924 2941 965 2985 12]
992 2950 1107 2981 gneus
1135 2938 1249 2977 (ΘΝ.
1267 2939 1315 2975 If)
1342 2937 1428 2971 sclix
1454 2939 1488 2971 Ω
1513 2939 1524 2979 ΙΙ
1549 2942 1603 2972 22.
1631 2942 1685 2970 23.
1713 2949 1819 2981 quom

130 2988 179 3023 ad
202 3000 261 3024 me
288 2989 509 3024 suavissime
541 2989 718 3034 scriptum
751 2987 1006 3022 amantissime
1039 2985 1174 3020 misisti
1201 2986 1560 3030 Illarhyni-Layuna
1587 2989 1618 3019 ct
1646 2985 1821 3030 l'ltcyycrs

129 3036 316 3080 (Mnemos.
339 3037 396 3071 lX.
421 3041 520 3072 1881.
547 3049 582 3079 p.
607 3040 703 3080 114),
738 3036 889 3070 iniuria.
918 3046 980 3068 nec
1010 3034 1126 3078 muyesss
1151 3033 1285 3067 Kochiz'
1319 3033 1441 3070 Hennes.
1474 3031 1581 3066 Tull)
1607 3044 1644 3076 p.
1666 3034 1724 3075 31)
1750 3043 1819 3066 am.

129 3093 196 3118 scr.
225 3083 445 3118 suavissime
471 3083 607 3118 misisti
630 3085 747 3128 placet
767 3085 778 3126 ΙΙ
798 3086 852 3116 23.
880 3092 1019 3115 summe
1047 3082 1084 3123 (i.
1106 3092 1133 3115 e.
1154 3081 1332 3123 summac)
1360 3079 1395 3113 Ι(
1414 3080 1425 3121 ss
1445 3082 1499 3111 25.
1522 3080 1736 3112 accesernnt
1756 3080 1802 3113 M

129 3132 184 3163 26.
217 3130 469 3166 conuictiones
500 3131 537 3166 R
575 3133 678 3175 11‘28.
710 3130 775 3175 M.]
809 3140 930 3163 meum
962 3129 996 3162 Ω
1032 3129 1043 3172 ΙΙ
1080 3126 1286 3172 collegique
1321 3128 1370 3169 G,
1403 3127 1486 3161 bene
1522 3127 1534 3170 ΙΙ
1571 3130 1625 3160 30.
1659 3125 1820 3170 videtur}

128 3174 300 3212 uideatur
324 3179 358 3211 ,Ω
