2242 3496
714 248 1050 283 EPISTVLARVM
1080 247 1154 283 XV.
1186 253 1213 282 1.
1243 252 1273 282 2.
1760 247 1840 287 401

150 362 326 414 propter
358 358 639 399 acerbitatem
674 362 803 413 atquc
838 358 1014 399 iniurias
1050 357 1215 412 imperii
1249 356 1386 398 nostri
1425 358 1499 397 aut
1539 355 1598 396 ita
1631 354 1847 396 imbecilla

152 433 268 482 sunt,
301 433 348 469 ut
381 444 465 470 non
501 430 683 470 multum
717 444 794 470 nos
829 430 972 470 iuvare
1007 429 1193 483 possint,
1234 430 1308 468 aut
1341 427 1403 468 ita
1435 426 1622 468 alienata
1655 442 1678 467 a
1711 426 1847 478 nobis,

151 503 198 541 ut
229 515 365 554 neque
399 500 732 554 exspectandum
766 500 818 540 ab
853 500 913 540 eis
954 514 1089 553 neque
1123 498 1478 540 committendum
1517 497 1576 538 cis
1617 496 1845 551 quicquam

149 585 241 612 esse
286 571 490 612 videatur.
556 571 670 625 regis
708 570 902 611 Deiotari
947 574 990 610 et
1037 570 1301 610 voluntatem
1349 573 1391 610 et
1436 568 1599 623 copias,
1644 570 1846 622 quantae·
1873 579 1892 608 6

115 657 333 697 scumque
378 646 496 694 sunt,
541 646 710 683 nostras
756 657 847 683 esse
893 642 1018 695 duco3
1063 639 1335 694 Cappadocia
1381 643 1446 681 est
1492 639 1650 694 inanis,
1694 638 1847 692 reliqui

151 727 273 769 reges
306 714 563 767 tyrannique
596 728 732 767 neque
767 712 919 767 opibus
954 712 1059 752 satis
1087 711 1199 751 firmi
1227 726 1302 752 nec
1329 711 1552 752 voluntate
1580 713 1692 752 suut.
1741 710 1847 751 mihi

151 784 194 825 in
227 785 305 826 hac
337 784 556 839 paucitate
596 784 784 824 militum
824 783 991 824 animus
1031 785 1145 824 certe
1184 795 1270 822 non
1309 781 1460 834 deerit,
1502 796 1626 835 spero
1662 795 1714 822 ne
1753 795 1850 822 con-

151 855 296 897 silium
347 855 528 910 quidem.
598 854 698 908 quid
745 867 943 895 casurum
988 853 1065 905 sit,
1116 851 1327 893 incertum
1373 855 1458 892 est:
1510 851 1674 892 utinam
1719 851 1849 893 saluti

150 929 324 967 nostrae
358 926 577 967 consulere
611 924 845 978 possimus!
879 923 1082 977 dignitati
1117 925 1230 964 certe
1264 922 1545 963 consulemus.

100 1093 131 1117 ιο
895 1075 950 1116 Π.
997 1073 1104 1130 (94.)

151 1185 206 1226 Μ.
239 1182 484 1226 TVLLIVS
522 1183 576 1224 M.
611 1183 655 1224 1³.
691 1181 899 1224 CICERO
939 1180 1168 1223 PROCOS.
1210 1180 1248 1223 S.
1282 1181 1333 1223 D.
1370 1180 1484 1223 COS.
1522 1181 1606 1224 PR.
1645 1182 1730 1223 ΤΠ.
1769 1182 1849 1223 PL.

871 1251 1135 1293 SENATVI.

268 1361 308 1404 S.
334 1377 371 1403 v.
397 1377 434 1403 v.
460 1362 500 1403 b.
528 1376 560 1403 e.
589 1376 621 1402 e.
650 1376 685 1416 q.
714 1376 750 1402 V.
807 1375 904 1402 cum
937 1375 998 1414 pr.
1034 1359 1081 1400 Κ.
1116 1360 1229 1401 Sext.
1262 1360 1306 1400 in
1338 1359 1604 1414 provinciam
1636 1360 1850 1401 venissem
1880 1373 1893 1401 1

147 1448 285 1488 neque
312 1433 523 1474 maturius
545 1435 720 1487 propter
743 1431 946 1472 itinerum
968 1434 1010 1472 et
1030 1430 1358 1486 navigationum
1379 1429 1681 1472 difficultatem
1701 1431 1846 1472 venire

93 1518 126 1544 15
145 1504 398 1559 potuissem,
429 1503 615 1545 maxime
648 1502 873 1545 convenire
905 1501 1048 1543 officio
1075 1516 1170 1543 meo
1197 1501 1343 1556 reique
1368 1516 1407 1555 p.
1434 1501 1669 1543 conducere
1695 1500 1847 1556 putavi

146 1590 295 1630 parare
328 1590 395 1629 ea,
434 1589 541 1629 quae
575 1574 626 1615 ad
666 1573 902 1615 exercitum
942 1587 1132 1628 quaeque
1172 1572 1224 1613 ad
1261 1587 1352 1613 rem
1390 1572 1623 1614 militarem
1661 1573 1846 1627 pertine-

146 1649 261 1703 rent3
293 1661 400 1701 quae
428 1660 524 1687 cum
550 1647 695 1686 essent
722 1659 745 1685 a
772 1658 838 1685 me
867 1659 968 1686 cura
995 1644 1133 1699 magis
1161 1646 1205 1684 et
1231 1643 1458 1698 diligentia
1486 1658 1614 1697 quam
1641 1643 1848 1685 facultate

146 1720 189 1758 et
221 1717 344 1772 copia
377 1716 617 1758 constituta
647 1715 872 1769 nuntiique
905 1717 947 1755 et
979 1715 1150 1755 litterae
1184 1714 1234 1755 de
1266 1714 1380 1755 bello
1414 1729 1438 1754 a
1469 1713 1643 1755 Parthis
1678 1714 1723 1755 in
1754 1729 1850 1769 pro-

147 1786 331 1829 vinciam
359 1785 529 1842 Syriam
561 1786 698 1828 inlato
732 1784 887 1827 cotidie
921 1784 1007 1825 fere
1041 1783 1322 1838 adferrentur,
1354 1784 1438 1824 iter
1470 1784 1577 1824 mihi
1602 1783 1847 1826 faciendum

93 1873 127 1896 ρο
147 1873 222 1912 per
254 1856 518 1912 Lycaoniam
552 1860 595 1898 et
626 1871 702 1911 per
732 1856 907 1898 Isauros
940 1858 983 1897 et
1014 1870 1090 1909 per
1123 1854 1441 1910 Cappadociam
1474 1854 1710 1896 arbitratus
1738 1869 1850 1909 sum3

147 1931 240 1970 erat
271 1929 386 1970 enim
425 1930 583 1983 magna
621 1927 829 1982 suspicio,
869 1926 1074 1980 Parthos,
1116 1926 1152 1967 si
1192 1941 1243 1967 ex
1276 1925 1401 1980 Syria
1440 1926 1586 1981 egredi
1625 1929 1754 1981 atque
1791 1926 1852 1967 in-

147 2013 344 2054 rumpere
376 1999 421 2041 in
447 2014 588 2040 meam
613 1998 882 2053 provinciam
909 2000 1181 2052 conarentur,
1212 1997 1295 2038 iter
1322 2011 1394 2038 eos
1421 2011 1497 2051 per
1524 1996 1854 2051 Cappadociam,

147 2071 261 2126 quod
300 2085 350 2112 ea
388 2070 572 2112 maxime
611 2072 797 2125 pateret,
836 2084 927 2110 esse
965 2069 1169 2110 facturos.
1229 2067 1378 2121 itaque
1418 2082 1514 2109 cum
1548 2067 1738 2108 exercitu
1774 2082 1851 2121 per

147 2141 442 2196 Cappadociae
474 2143 643 2196 partem
676 2155 787 2194 eam,
821 2155 929 2195 quae
963 2154 1060 2181 cum
1093 2138 1246 2180 Cilicia
1279 2138 1503 2180 continens
1537 2140 1620 2192 est,
1652 2138 1735 2179 iter
1765 2137 1849 2179 feci

96 2224 130 2250 25
149 2214 374 2267 castraque
402 2212 454 2253 ad
476 2211 691 2266 Cybistra,
718 2211 831 2265 quod
858 2210 1064 2264 oppidum
1091 2212 1157 2250 est
1185 2209 1237 2250 ad
1263 2211 1456 2250 montem
1477 2208 1679 2261 Taurum,
1701 2208 1854 2262 locavi,

150 2286 200 2324 ut
230 2282 487 2336 Artuasdes,
530 2297 604 2323 rex
636 2281 888 2335 Armenius,
933 2295 1202 2336 quocumque
1243 2279 1385 2320 animo
1425 2282 1556 2334 esset,
1601 2278 1731 2321 sciret
1767 2294 1854 2321 non

148 2354 295 2409 procul
331 2369 355 2395 a
388 2353 477 2395 suis
509 2353 668 2394 finibus
703 2352 937 2393 exercitum
969 2367 1010 2406 p.
1042 2350 1092 2392 R.
1126 2365 1236 2405 esse,
1270 2353 1313 2392 et
1348 2349 1622 2404 Deiotarum,
1659 2349 1853 2391 fidelissi-

151 2439 268 2466 mum
302 2438 448 2480 regem
481 2427 610 2478 atque
644 2422 955 2464 amicissimum
982 2422 1044 2463 rei
1070 2437 1110 2476 p.
1141 2424 1328 2474 nostrae,
1359 2421 1543 2462 maxime
1577 2420 1854 2463 coniunctum

148 2495 370 2550 haberem,
415 2495 535 2537 cuius
575 2497 618 2535 et
657 2492 837 2535 consilio
876 2495 919 2534 et
958 2492 1112 2547 opibus
1151 2491 1344 2533 adiuvari
1385 2494 1532 2546 posset
1570 2505 1637 2533 res
1669 2507 1708 2546 p.
1766 2506 1850 2546 quo
1877 2506 1898 2536 3

99 2578 134 2603 30
153 2579 251 2607 cum
283 2565 328 2607 in
357 2565 452 2607 loco
486 2567 628 2607 castra
660 2564 863 2605 haberem
897 2563 1222 2618 equitatumque
1248 2563 1293 2603 in
1319 2561 1516 2604 Ciliciam
1548 2562 1775 2616 misissem,
1804 2565 1854 2604 ut
1903 2577 1906 2580 ’

151 2638 195 2677 et
226 2650 346 2677 meus
380 2636 587 2677 adventus
620 2635 680 2676 eis
715 2634 977 2687 civitatibus,
1010 2648 1118 2688 quae
1145 2634 1190 2674 in
1216 2648 1266 2675 ea
1291 2636 1414 2688 parte
1442 2635 1596 2686 essent,
1628 2632 1852 2674 nuntiatus

1880 2081 1898 2111 [θ

271 2767 302 2797 2.
329 2762 457 2797 iuuare
485 2762 543 2806 M,
582 2763 706 2797 tutare
732 2764 787 2806 (in
814 2761 853 2796 F
877 2772 895 2795 6
922 2772 1011 2796 corr.
1039 2763 1080 2795 in
1110 2772 1181 2796 ras.
1209 2773 1232 2796 α
1258 2773 1301 2796 m.
1326 2763 1361 2803 2)
1397 2760 1514 2795 FHD
1551 2762 1561 2805 ΙΙ
1606 2764 1636 2795 3.
1665 2761 1749 2804 (bis)
1783 2759 1851 2806 eis]

151 2810 198 2845 iis
224 2811 279 2854 M,
306 2810 364 2844 his
388 2809 509 2844 FHD
527 2812 538 2853 ΙΙ
558 2813 588 2844 4.
618 2808 762 2844 deotari
790 2809 839 2853 H,
866 2807 1029 2843 theotari
1051 2807 1115 2853 Fu
1135 2811 1166 2842 6.
1193 2819 1260 2842 nec
1280 2808 1380 2851 MD,
1407 2812 1439 2843 et
1465 2808 1508 2842 H
1530 2820 1553 2842 a
1578 2819 1622 2842 m.
1645 2810 1684 2849 2,
1709 2811 1751 2842 ut
1768 2808 1855 2851 vicl„

153 2869 198 2893 ne
219 2857 315 2892 ΙῗῊι
336 2860 346 2902 ΙΙ
369 2861 397 2891 7.
425 2868 470 2891 ne
493 2858 547 2900 M,
573 2868 638 2891 om.
659 2856 780 2891 FHD
799 2858 810 2900 ΙΙ
830 2860 860 2890 9.
889 2854 1068 2900 dignitati
1087 2866 1131 2889 esc
1151 2856 1203 2889 -te
1224 2855 1285 2890 Ml
1304 2856 1315 2898 ΙΙ
1337 2858 1389 2889 13.
1410 2854 1445 2888 b.
1469 2854 1558 2898 HD,
1580 2866 1613 2900 p.
1636 2853 1684 2898 F,
1706 2865 1772 2889 om.
1786 2854 1835 2888 M
1853 2857 1855 2899 l

153 2908 208 2940 13.
237 2909 291 2940 14.
318 2904 501 2939 uenissem
529 2914 647 2947 neque
674 2903 775 2947 MD,
801 2902 1039 2946 uenissetque
1066 2902 1151 2936 FH
1176 2903 1188 2946 ΙΙ
1222 2905 1275 2937 16.
1305 2905 1358 2936 17.
1384 2901 1613 2946 pertinerent
1644 2911 1739 2944 quae
1771 2912 1855 2935 cum

152 2952 255 2996 MD,
285 2951 522 2997 peruenirent
555 2961 724 2995 quaeque
751 2961 834 2985 cum
861 2949 900 2984 F
902 2949 944 2983 H
950 2949 958 2971 ¹
991 2947 1234 2993 (pertinerent
1258 2960 1336 2993 sup.
1363 2960 1411 2984 vs.
1438 2960 1528 2983 corr.
1556 2948 1633 2992 11²)
1664 2949 1676 2992 ΙΙ
1708 2952 1763 2983 19.
1790 2949 1854 2983 ad-

152 2998 318 3034 ferentur
343 2999 464 3034 FHD
483 3002 494 3043 Η
514 2998 605 3032 mihi
632 2998 680 3032 ad
706 2997 919 3032 faciendum
945 2996 991 3030 M
1008 2998 1019 3040 ΙΙ
1038 2999 1093 3031 21.
1121 2995 1278 3040 suspitio
1300 2996 1384 3030 ΓΗ
1398 2997 1410 3040 ΙΙ
1430 2998 1484 3030 23.
1511 2994 1760 3039 itaque—24.
1784 2995 1855 3030 iter

152 3045 225 3080 feci
249 3047 369 3090 adfert
394 3047 541 3081 Nonius
562 3058 599 3090 p.
621 3048 689 3079 274
714 3045 840 3087 Mero„
866 3048 888 3079 t.
910 3043 926 3077 I
954 3056 990 3087 φ).
1012 3046 1079 3077 428
1107 3043 1214 3077 Mica.
1252 3044 1264 3086 ΙΙ
1301 3045 1356 3077 24.
1390 3053 1471 3076 eam
1504 3053 1598 3087 quae
1630 3042 1731 3086 MD,
1770 3053 1854 3077 eum

153 3102 227 3150 que
246 3093 298 3137 H,
323 3104 407 3128 eum
427 3104 537 3138 quem
561 3093 599 3127 1³
615 3095 626 3138 fl
645 3096 700 3127 25.
729 3093 786 3126 est
805 3103 870 3126 om.
891 3090 936 3125 H
950 3092 962 3135 ΙΙ
981 3093 1036 3125 26.
1063 3089 1267 3124 Artuasdes
1286 3089 1505 3133 (arduasdes
1526 3089 1600 3135 F)]
1625 3089 1853 3124 Artavasdes

161 3151 384 3197 Wesenbmy,
409 3153 503 3187 bene.
549 3152 595 3194 cf.
617 3150 815 3185 Mommsen
840 3150 889 3184 ad
913 3160 1005 3183 mon.
1033 3149 1145 3184 A·nc.'-'
1166 3161 1203 3193 1).
1229 3151 1305 3192 110,
1327 3151 1344 3182 1
1365 3149 1377 3192 ΙΙ
1397 3151 1452 3183 27.
1480 3150 1535 3183 28.
1562 3158 1687 3193 regem
1715 3147 1851 3183 fidelis-

156 3197 289 3233 simum
315 3199 459 3244 111131.
487 3198 556 3245 eis]
583 3198 630 3232 iis
657 3198 711 3241 M,
737 3197 795 3231 his
824 3196 943 3231 FHI)

227 3264 289 3291 Cic.
310 3264 717 3296 ep.e‹1.Mend01ss0hn.
1524 3258 1567 3288 20
