2242 3496
667 211 1003 247 EPISTVLARVM
1030 213 1106 249 XII.
1136 217 1189 249 17,
1219 217 1270 248 18.
1301 218 1354 249 19.
1779 218 1864 258 325

168 322 211 359 et
249 333 467 372 speraram
514 320 741 373 prudentia.
784 323 858 362 tua
898 320 1033 363 frctus
1073 324 1115 362 et
1154 325 1201 363 ut
1240 314 1497 365 confiderem
1534 323 1729 366 fecerunt
1766 329 1864 368 tuae

167 390 440 444 gratissimae
476 390 579 430 Inibi
615 391 803 437 litt.·.·rae‚
846 391 972 447 idque
1005 396 1053 434 ut
1084 392 1217 434 facias
1251 409 1378 448 quam
1422 395 1691 450 saepissime,
1735 400 1784 438 ut
1822 400 1865 438 et

168 461 268 514 quid
307 463 354 502 tu
393 474 497 516 agas
536 465 578 502 et
617 463 717 516 quid
757 465 912 517 agatur
950 464 1057 505 scire
1098 464 1262 518 possim
1300 468 1343 506 et
1382 464 1511 506 etiam
1551 466 1652 520 quid
1691 470 1864 509 acturus

165 531 236 586 sis,
269 531 390 572 valde
424 534 465 573 te
499 546 616 587 rogo.
655 533 755 574 ·etsi
788 533 1013 588 periniquo
1047 535 1245 589 patiebar
1277 536 1419 577 animo
1456 539 1497 577 tc
1531 552 1556 578 a
1587 552 1653 578 mc
1687 538 1865 593 digredi,

130 617 146 639 5
167 604 309 643 tamen
343 617 392 644 eo
428 606 620 656 tempore
654 618 720 644 me
748 602 1014 658 consolabar,
1048 605 1159 658 quod
1189 608 1231 646 et
1258 606 1301 646 in
1328 621 1543 647 summum
1571 607 1706 648 otium
1732 610 1774 649 te
1803 608 1862 649 irc

165 673 410 714 arbitrabar
436 676 478 714 ct
506 673 558 714 ab
585 674 933 728 impendentibus
962 675 1130 730 magnis
1155 677 1342 732 negotiis
1369 677 1601 719 discedere:
1636 680 1863 733 utrumque
1891 697 1910 724 2

164 747 316 786 contra
348 745 520 798 accidit,
560 745 657 786 istic.
690 745 804 786 enim
836 745 998 786 bellum
1037 749 1102 787 est
1140 750 1355 799 exortum,
1393 747 1463 789 hic
1501 763 1583 802 pax
1623 752 1864 802 consecuta,

164 815 237 856 sed
265 818 409 856 tamen
437 815 646 857 eiusmodi
666 830 760 870 pas,
788 815 832 856 in
853 830 949 871 qua,
975 816 1010 856 si
1038 817 1221 871 adesses,
1248 818 1385 859 multa
1411 821 1452 859 te
1478 833 1565 860 non
1589 819 1863 875 delectarent,

164 901 213 928 ea
251 889 413 939 tamen,
456 901 564 941 quae
603 901 656 927 ne
701 886 841 940 ipsum
882 884 1110 928 Gaesarem
1154 889 1327 942 quidem
1372 889 1605 942 delectant,
1651 890 1862 932 bellorum

112 971 144 995 10
163 955 277 998 enim
310 956 500 998 civilium
534 957 571 998 ei
605 972 774 1012 semper
806 957 945 998 exitus
979 961 1094 1013 sunt,
1133 961 1182 1000 ut
1211 974 1300 1003 non
1332 975 1381 1001 ea
1413 960 1553 1002 solum
1592 963 1715 1014 fiant,
1755 977 1862 1016 quae

162 1027 267 1070 velit
298 1027 447 1081 victor,
481 1028 554 1069 sed
587 1027 730 1083 etiam,
761 1030 810 1069 ut
842 1028 902 1070 eis
936 1043 1028 1070 mos
1062 1030 1274 1085 gerendus
1308 1031 1376 1082 sit,
1409 1031 1566 1086 quibus
1594 1032 1862 1075 adiutoribus

162 1099 220 1140 sit
263 1102 389 1154 parta
434 1099 623 1141 victoria.
693 1098 890 1154 equidem
935 1099 996 1141 sic
1040 1100 1126 1142 iam
1172 1101 1373 1155 obdurui,
1418 1105 1465 1143 ut
1509 1102 1621 1143 ludis
1667 1102 1862 1145 Caesaris

162 1170 301 1212 nostri
341 1170 483 1212 animo
523 1170 784 1226 aequissimo
823 1170 1010 1212 viderem
1043 1171 1088 1212 T.
1116 1171 1342 1228 Plancum,
1386 1173 1577 1215 audirem
1610 1173 1780 1215 Laberii
1821 1178 1863 1216 et

162 1240 338 1282 Publilii
378 1244 590 1296 poemata.
646 1241 754 1282 nihil
794 1241 900 1283 mihi
938 1245 1028 1283 tam
1067 1243 1187 1285 desse
1227 1244 1336 1286 scito
1380 1259 1508 1299 quam
1548 1245 1719 1299 quicum
1758 1245 1863 1287 haec

111 1326 143 1351 15
161 1312 436 1354 familiariter
468 1312 677 1367 docteque
711 1311 890 1354 rideam:
931 1313 965 1354 is
999 1315 1047 1354 tu
1080 1314 1182 1368 eris,
1215 1314 1250 1356 si
1283 1329 1412 1370 quam
1451 1316 1638 1370 primum
1679 1315 1862 1370 veneris,

161 1383 274 1439 quod
306 1386 357 1425 ut
388 1383 539 1435 facias,
578 1398 665 1426 non
704 1398 798 1425 mea
838 1384 996 1439 solum,
1035 1386 1108 1426 sed
1148 1385 1280 1428 etiam
1313 1389 1389 1428 tua
1421 1387 1629 1429 interesse
1662 1386 1861 1429 arbitror.

856 1525 972 1568 XIX.
1022 1524 1160 1583 (245.)

683 1618 896 1663 CICERO
931 1619 1265 1665 CORNIFICIO
1301 1622 1341 1665 s.

278 1716 586 1759 Libentissime
618 1716 705 1772 legi
739 1718 836 1757 tuas
869 1716 1062 1770 litteras,
1094 1716 1138 1758 in
1170 1717 1327 1771 quibus
1360 1718 1716 1761 iucundissimum
1756 1719 1861 1760 mihi

105 1800 139 1825 20
159 1788 260 1841 fuit,
301 1787 414 1843 quod
447 1786 632 1843 cognovi
664 1801 781 1828 meas
814 1786 896 1827 tibi
935 1787 1125 1829 redditas
1164 1802 1276 1842 esse,
1322 1803 1408 1830 non
1446 1788 1560 1830 enim
1599 1790 1863 1843 dubitabam,

159 1857 263 1913 quin
295 1873 367 1900 eas
400 1858 599 1899 lubenter
629 1857 821 1899 lecturus
854 1871 988 1912 esses,
1026 1859 1224 1910 verebar,
1265 1863 1314 1901 ut
1343 1860 1631 1901 redderentur.
1689 1861 1863 1915 bellum,

159 1930 272 1984 quod
316 1932 383 1971 est
426 1929 472 1970 in
517 1928 662 1984 Syria,
707 1928 964 1983 Syriamque
1002 1930 1276 1987 provinciam
1319 1931 1401 1972 tibi
1445 1931 1657 1973 tributam
1702 1945 1794 1973 esse
1839 1947 1864 1973 a

157 1999 341 2043 Caesare
380 2015 430 2042 ex
468 2000 555 2042 tuis
593 2000 755 2041 litteris
795 2000 1000 2055 cognovi:
1045 2001 1224 2042 eandem
1262 2016 1352 2043 rem
1398 2001 1480 2043 tibi
1524 2002 1622 2044 volo
1668 2002 1775 2044 bene
1820 2005 1863 2044 et

157 2055 343 2114 feliciter
392 2071 583 2125 evenire3
633 2071 747 2126 quod
797 2071 860 2112 ita
908 2070 1000 2113 fore
1052 2072 1220 2114 confido
1271 2071 1410 2114 fretus
1462 2076 1505 2114 et
1554 2073 1770 2115 industria
1819 2077 1862 2115 et

103 2154 137 2179 25
158 2142 388 2197 prudentia
419 2145 504 2184 tua.
563 2142 653 2196 sed,
686 2142 736 2184 de
768 2141 962 2184 Parthici
994 2142 1098 2184 belli
1131 2144 1376 2197 suspicione
1410 2144 1522 2198 quod
1557 2144 1728 2198 scribis,
1761 2159 1861 2186 sane
1890 2162 1897 2175 ε

160 2228 227 2255 me
259 2213 511 2268 commovit3
556 2212 659 2268 quid
690 2213 804 2255 enim
844 2213 1065 2268 copiarum
1103 2214 1303 2269 haberes,
1346 2229 1441 2257 cum
1484 2214 1576 2269 ipse
1616 2215 1863 2257 coniectura

161 2284 364 2339 consequi
396 2287 605 2339 poteram,
639 2286 732 2325 tum
766 2299 816 2326 ex
849 2284 936 2325 tuis
969 2285 1130 2326 litteris
1164 2286 1366 2341 cognovi:
1399 2286 1545 2340 itaque
1579 2289 1701 2341 opto,
1733 2301 1785 2327 ne
1819 2301 1862 2328 se

161 2356 236 2397 illa
267 2369 374 2412 gens
407 2358 579 2397 moveat
611 2355 692 2397 hoc
726 2358 931 2410 tempore,
964 2356 1064 2397 dum
1092 2356 1144 2397 ad
1170 2359 1213 2398 te
1239 2344 1433 2412 legiones
1461 2371 1534 2398 eae
1560 2357 1862 2412 perducantur,

161 2441 267 2481 quas
300 2426 427 2468 audio
461 2426 576 2481 duci3
609 2426 722 2482 quod
755 2427 791 2468 si
816 2426 934 2480 paris
962 2427 1109 2482 copias
1135 2427 1186 2468 ad
1214 2427 1531 2483 confligendum
1556 2441 1644 2468 non
1668 2427 1863 2482 habebis,

108 2509 142 2534 3⁰
160 2512 249 2540 non
280 2501 322 2539 te
354 2497 494 2553 fugiet
525 2498 588 2539 uti
621 2497 801 2539 consilio
834 2496 891 2539 M.
918 2497 1085 2552 Bibuli,
1118 2499 1192 2552 qui
1225 2512 1268 2540 se
1302 2499 1459 2554 oppido
1493 2498 1786 2540 munitissimo
1820 2502 1862 2540 et

161 2568 460 2622 copiosissimo
499 2569 666 2611 tamdiu
703 2569 860 2623 tenuit,
906 2568 1111 2623 qua-mdiu
1151 2569 1197 2610 in
1234 2569 1456 2624 provincia
1486 2568 1640 2610 Parthi
1677 2569 1863 2611 fuerunt.

281 2700 310 2731 1.
327 2708 386 2742 pr.
402 2697 440 2731 et
452 2707 518 2732 om.
535 2696 573 2731 D
591 2697 604 2741 11
624 2700 653 2730 1.
671 2699 701 2731 2.
717 2697 804 2731 tuae
824 2696 1063 2741 gratissimae
1083 2696 1232 2731 litterae
1251 2696 1344 2731 mihi
1358 2696 1439 2732 HD
1457 2699 1468 2741 11
1488 2700 1520 2732 2.
1541 2698 1583 2731 ut
1601 2695 1719 2731 facias
1738 2696 1794 2740 M,
1821 2698 1863 2731 ut

160 2745 301 2779 feceras
328 2743 410 2778 HD
440 2745 451 2788 11
484 2746 514 2779 5.
541 2744 706 2788 tempore
733 2744 800 2778 del.
830 2742 933 2779 Cobet
958 2743 1149 2788 (Mnemos.
1174 2743 1270 2778 VIII.
1300 2747 1400 2778 1880.
1423 2756 1462 2788 p.
1485 2746 1579 2789 192),
1608 2745 1750 2778 iniuria
1781 2746 1793 2787 11
1825 2745 1863 2779 ct

160 2791 200 2826 in
225 2792 320 2835 MD,
345 2790 383 2826 in
410 2791 454 2825 H
480 2792 492 2835 11
524 2794 554 2824 6.
582 2789 858 2834 impedentibus
884 2790 932 2824 M
959 2792 970 2834 11
1003 2794 1032 2824 7.
1059 2801 1133 2835 pax
1160 2792 1216 2825 est
1241 2791 1440 2825 consecuta
1465 2791 1504 2825 D
1534 2792 1546 2836 11
1578 2794 1608 2825 9.
1635 2801 1681 2825 ne
1707 2791 1768 2835 M,
1794 2801 1862 2826 nec

161 2839 242 2874 HD
272 2840 284 2884 11
316 2842 369 2873 10.
397 2837 439 2873 ei
474 2837 513 2872 hi
542 2839 594 2881 Ψ,
627 2837 655 2871 ii
682 2849 701 2874 ς
734 2838 745 2880 11
778 2841 830 2871 11.
859 2836 929 2880 eis}
956 2837 1014 2871 his
1045 2840 1097 2881 Ψ,
1130 2837 1176 2872 iis
1204 2849 1224 2874 ς
1256 2839 1267 2882 11
1301 2841 1354 2872 12.
1382 2837 1490 2872 ludos
1517 2838 1571 2881 D,
1604 2842 1636 2872 et
1661 2839 1744 2880 sort.
1773 2838 1828 2872 ΗΙ
1858 2839 1861 2846 “

163 2890 216 2921 14.
242 2885 398 2921 Publilii
446 2886 532 2931 'iniq
551 2890 582 2920 et
604 2885 790 2928 llo'lflsslm
814 2883 935 2929 publii
964 2886 1010 2918 Ψ.
1050 2888 1091 2927 cs.
1117 2885 1172 2919 W
1193 2885 1320 2929 Meyer
1339 2885 1497 2919 Publilia
1517 2885 1602 2929 Syri
1622 2885 1739 2929 (Lips.
1756 2886 1861 2930 1880)

156 2946 194 2978 1).
218 2938 300 2979 lsq.
338 2935 350 2978 11
387 2932 515 2967 deesse
542 2932 623 2967 HD
659 2933 670 2976 11
710 2935 763 2966 21.
789 2930 962 2966 lubenter
986 2932 1047 2975 M,
1073 2931 1233 2966 libenter
1259 2931 1339 2967 ΠΙ)
1375 2933 1386 2976 11
1424 2935 1478 2966 22.
1505 2931 1703 2978 tributam]
1729 2933 1862 2977 i'ncipzt

160 2981 401 3027 fraymemmn
433 2980 737 3022 Hezlbromzense,
768 2980 813 3021 cf.
842 2978 986 3013 Finclch
1017 2960 1103 3013 αἠπ.
1132 2979 1223 3023 phil.
1250 2978 1390 3013 LXXV.
1420 2981 1522 3014 1857.
1549 2991 1588 3024 p.
1611 2982 1678 3013 725
1692 2990 1741 3024 sq.
1768 2980 1862 3024 (Ι1)1

161 3031 217 3063 23.
243 3027 399 3062 eandem
427 3027 554 3070 HDL,
581 3026 711 3061 eadem
740 3026 790 3060 ll
831 3036 913 3060 eam
938 3027 993 3061 vel
1018 3036 1100 3060 eam
1126 3025 1277 3070 quidem
1303 3027 1383 3070 alii,
1404 3027 1592 3071 placetque
1617 3036 1700 3060 eam
1719 3028 1731 3071 11
1749 3026 1860 3073 bene]

162 3075 200 3109 et
223 3074 318 3109 bene
343 3075 481 3119 111126.
509 3054 599 3119 q1'11d
626 3073 723 3108 enim
750 3083 938 3118 copiarum
967 3073 1056 3117 HD,
1083 3074 1265 3118 quantum
1291 3072 1481 3118 copiarum
1509 3074 1552 3117 L,
1579 3072 1770 3118 copiarum
1796 3074 1845 3108 M

162 3120 218 3156 27'.
245 3131 290 3156 ex
318 3120 456 3156 litteris
486 3121 563 3156 tuis
589 3121 633 3155 II
660 3123 671 3165 11
702 3121 757 3155 ita
788 3121 876 3165 opto
903 3120 936 3154 L
967 3121 978 3164 11
1010 3123 1064 3156 28.
1092 3120 1174 3166 eae]
1205 3119 1277 3154 hae
1306 3121 1378 3155 ²11L
1408 3121 1420 3164 11
1451 3123 1506 3156 29.
1534 3119 1712 3166 fugietsll,
1744 3124 1764 3155 2
1792 3122 1860 3156 litt.

161 3168 573 3213 ναεἾΜ1131.Ρ11ει1·ί;ί
599 3169 645 3202 M
