2242 3496
737 139 1075 175 EPISTVLARVM
1104 141 1144 177 X.
1173 146 1203 177 6.
1233 146 1262 177 7.
1290 150 1321 177 ὅ.
1792 145 1874 185 247

875 324 993 367 v111.
1043 324 1181 382 (370.)

179 427 447 471 PLANCVS
481 429 594 470 IMl’.
626 430 741 472 Cos,
777 430 964 472 DESIG.
992 430 1032 472 S.
1060 431 1108 473 D.
1136 431 1254 474 COS.
1282 432 1367 473 PR.
1395 433 1481 474 Tit.
1508 433 1589 475 PL.
1619 433 1874 476 SENATVI

578 506 806 550 POPVLO
842 508 1135 558 PLEBIQVE
1169 509 1473 552 ROMANAE.

295 599 340 641 Si
368 601 435 643 cui
463 601 574 643 forte
603 602 747 644 videor
773 602 935 644 diutius
968 607 1011 644 et
1043 604 1268 645 hominum
1295 606 1659 658 exspectationem
1687 608 1729 647 et
1755 621 1872 661 spem

139 689 156 713 ⁵
176 670 236 712 rei
268 686 308 725 p.
341 672 391 714 de
426 688 519 714 mea
547 673 768 714 voluntate
795 674 986 715 tenuisse
1014 689 1278 728 suspensam,
1310 675 1408 717 huic
1441 676 1560 730 prius
1588 678 1875 719 excusandum

175 756 241 782 me
281 757 374 784 esse
413 743 600 785 arbitror
639 759 768 798 quam
809 745 859 785 de
900 745 1143 798 insequenti
1183 745 1324 787 officio
1366 747 1596 800 quicquam
1635 748 1712 788 ulli
1750 748 1873 802 polli-

174 814 374 868 cendum3
413 829 500 855 non
531 814 645 855 enim
682 815 964 869 praeteritam
1003 815 1173 869 culpam
1213 816 1345 857 videri
1381 818 1476 859 volo
1510 819 1760 873 redemisse,
1799 819 1873 861 sed

173 884 362 938 optimae
396 884 554 925 mentis
581 884 775 939 cogitata
801 885 1054 939 iampridem
1081 889 1250 927 maturo
1278 890 1471 942 tempore
1498 890 1732 931 enuntiare.
1787 905 1872 932 non

173 969 239 996 me
277 954 543 1009 praeteribat
581 955 625 997 in
664 958 787 997 tanta
825 956 1114 998 sollicitudine
1148 958 1371 999 hominum
1410 962 1452 1000 et
1492 963 1581 1002 tam
1620 962 1872 1015 perturbato

119 1047 152 1071 ιο
172 1029 291 1067 statu
323 1026 514 1068 civitatis
547 1025 938 1068 fructuosissimam
971 1041 1063 1068 esse
1096 1027 1409 1082 professionem
1448 1031 1584 1073 bonae
1623 1032 1873 1088 voluntatis,

170 1111 435 1153 magnosque
473 1097 659 1139 honores
699 1112 749 1139 ex
788 1112 838 1139 ea
874 1112 918 1140 re
959 1099 1201 1153 complures
1241 1104 1492 1143 consecutos
1533 1102 1748 1157 videbam3
1787 1103 1871 1157 sed,

171 1183 267 1210 cum
303 1168 350 1210 in
388 1183 484 1210 eum
524 1183 670 1210 casum
704 1184 769 1210 me
801 1168 978 1210 fortuna
1015 1169 1278 1224 demisisset,
1316 1173 1364 1212 ut
1403 1175 1477 1213 aut
1516 1173 1711 1214 celeriter
1748 1174 1871 1228 polli-

169 1240 302 1281 cendo
347 1254 505 1295 magna
549 1240 641 1295 ipse
680 1240 732 1281 ad
776 1240 1087 1295 proficiendum
1131 1239 1440 1295 impedimenta
1480 1258 1740 1298 opponerem
1785 1248 1871 1298 aut,

169 1310 205 1351 si
244 1310 288 1351 in
326 1325 376 1352 eo
415 1311 520 1352 mihi
559 1311 933 1366 temperavissem,
976 1312 1161 1353 maiores
1195 1312 1439 1354 occasiones
1479 1314 1531 1355 ad
1571 1315 1870 1369 opitulandum

116 1402 149 1427 15
168 1382 391 1436 haberem,
430 1382 670 1437 expeditius
709 1382 792 1424 iter
831 1383 1071 1424 communis
1105 1382 1258 1424 salutis
1293 1398 1421 1437 quam
1456 1400 1573 1426 meae
1605 1386 1744 1427 laudis
1778 1401 1869 1427 esse

168 1453 297 1495 volui.
352 1468 453 1495 nam
481 1454 576 1508 quis
610 1454 655 1495 in
687 1468 736 1495 ea
767 1453 955 1509 fortuna,
988 1468 1096 1508 quae
1129 1468 1224 1496 mea
1257 1457 1333 1507 est,
1367 1457 1409 1496 et
1442 1456 1494 1496 ab
1528 1470 1578 1497 ea
1609 1457 1709 1511 vita,
1741 1471 1868 1511 quam

166 1524 212 1566 in
243 1540 310 1566 me
344 1525 564 1580 cognitam
591 1525 839 1566 hominibus
871 1525 1072 1580 arbitror,
1105 1528 1148 1566 et
1180 1540 1278 1567 cum
1309 1540 1359 1567 ea
1392 1540 1479 1580 spe,
1513 1542 1642 1581 quam
1669 1528 1712 1568 in
1738 1529 1870 1569 mani-

166 1596 245 1637 bus
283 1595 442 1651 habeo,
486 1599 560 1638 aut
604 1596 825 1638 sordidum
871 1595 1102 1650 quicquam
1140 1596 1232 1651 pati
1273 1599 1347 1638 aut
1385 1597 1674 1651 perniciosum
1719 1612 1870 1640 concu—

164 1667 327 1722 piscere
365 1668 540 1722 potest?
605 1668 678 1709 sed
719 1667 992 1721 aliquantum
1029 1667 1154 1708 nobis
1194 1667 1402 1722 temporis
1437 1671 1480 1709 et
1513 1669 1660 1724 magni
1698 1669 1902 1711 labores:

112 1758 146 1782 20
165 1744 208 1779 et
239 1737 400 1780 multae
432 1738 652 1793 impensae
678 1753 785 1794 opus
812 1737 998 1792 fuerunt,
1031 1741 1091 1792 ut,
1123 1752 1231 1792 quae
1263 1738 1324 1779 rei
1355 1754 1394 1793 p.
1428 1739 1638 1794 bonisque
1667 1740 1867 1782 omnibus

164 1809 483 1864 polliceremur,
527 1809 646 1851 exitu
689 1812 1008 1864 praestaremus
1046 1823 1183 1863 neque
1222 1810 1274 1851 ad
1314 1809 1522 1851 auxilium
1559 1811 1726 1865 patriae
1765 1811 1867 1852 nudi

164 1895 261 1922 cum
293 1880 407 1922 bona
438 1880 675 1935 voluntate,
707 1881 779 1922 sed
813 1895 911 1922 cum
936 1879 1219 1922 facultatibus
1247 1881 1558 1922 accederemus.
1616 1882 1868 1923 confirman-

163 1951 241 1993 dus
274 1954 368 1993 erat
399 1951 611 1994 exercitus
643 1952 792 2006 nobis,
823 1951 992 2007 magnis
1027 1965 1152 2006 saepe
1186 1952 1389 2006 praemiis
1423 1952 1702 2008 sollicitatus,
1733 1955 1781 1994 ut
1814 1954 1866 1994 ab

162 2037 206 2064 re
238 2038 279 2078 p.
309 2023 456 2078 potius
483 2023 706 2065 moderata
737 2038 866 2078 quam
900 2022 953 2063 ab
986 2037 1071 2064 uno
1104 2022 1276 2063 infinita
1304 2025 1517 2078 speraret3
1549 2023 1867 2065 confirmandae

111 2112 144 2138 25
164 2093 408 2149 complures
441 2094 657 2150 civitates,
698 2109 805 2149 quae
839 2093 1060 2148 superiore
1093 2107 1203 2134 anno
1237 2093 1544 2149 largitionibus
1583 2094 1868 2136 concessioni-

166 2166 330 2220 busque
372 2166 664 2220 praemiorum
709 2167 831 2207 erant
876 2164 1111 2219 obligatae,
1156 2166 1205 2205 ut
1242 2166 1285 2205 et
1322 2163 1398 2206 illa
1436 2179 1546 2206 vana
1583 2167 1786 2220 putarent
1824 2169 1867 2206 et

165 2237 314 2278 eadem
358 2251 384 2278 a
426 2236 679 2278 melioribus
731 2235 979 2277 auctoribus
1030 2234 1214 2289 petenda
1264 2235 1585 2289 existimarent3
1635 2236 1866 2277 eliciendae

167 2307 298 2350 etiam
329 2307 576 2350 voluntates
609 2307 886 2362 reliquorum,
920 2306 993 2360 qui
1024 2305 1220 2346 finitimis
1254 2306 1488 2360 provinciis
1523 2307 1865 2361 exercitibusque

167 2378 464 2434 praefuerunt,
501 2382 548 2420 ut
587 2379 731 2433 potius
771 2392 867 2419 cum
905 2376 1101 2431 pluribus
1141 2377 1391 2418 societatem
1423 2377 1708 2419 defendendae
1742 2378 1867 2419 liber-

113 2467 148 2492 30
167 2449 271 2491 tatis
321 2449 549 2504 iniremus,
600 2464 729 2503 quam
780 2463 877 2490 cum
926 2447 1202 2502 paucioribus
1252 2447 1469 2489 funestam
1514 2448 1608 2489 orbi
1653 2451 1865 2489 terrarum

165 2520 392 2562 victoriam
419 2520 688 2574 partiremur.
733 2518 951 2560 muniendi
977 2533 1077 2559 vero
1103 2521 1274 2559 nosmet
1299 2518 1383 2572 ipsi
1409 2518 1568 2560 fuimus
1596 2522 1722 2561 aucto
1749 2533 1862 2560 exer-

166 2591 255 2633 citu
288 2590 543 2645 auxiliisque
581 2589 903 2644 multiplicatis,
942 2591 1007 2643 ut,
1045 2603 1141 2630 cum
1174 2589 1488 2643 praeferremus
1522 2604 1671 2631 sensus
1704 2592 1864 2644 aperte,

285 2723 316 2754 3.
351 2718 489 2764 populo
526 2717 702 2763 plebique
737 2717 943 2763 Romanae]
983 2718 1028 2758 cf.
1061 2717 1262 2751 Mommsen
1298 2716 1342 2752 ‘r.
1375 2716 1543 2752 Staatsrst
1572 2717 1633 2762 III,
1661 2721 1678 2751 1
1701 2729 1740 2762 p.
1761 2720 1793 2762 6,
1814 2717 1865 2762 412

165 2771 197 2803 8.
225 2766 404 2812 optimae]
433 2765 571 2811 optimc
598 2765 695 2808 MH,
723 2764 865 2809 optima
889 2764 928 2798 D
946 2765 958 2808 ΙΙ
982 2767 1033 2798 12.
1062 2762 1266 2797 dimisisset
1291 2763 1335 2798 H
1349 2765 1361 2808 ΙΙ
1381 2767 1435 2799 13.
1462 2763 1541 2808 ipse
1567 2765 1697 2810 scripsi
1719 2785 1758 2789 —
1780 2766 1864 2800 item

164 2815 368 2861 Landyraf
403 2814 562 2849 ‘Unters
594 2824 622 2847 z.
658 2811 804 2848 ansar'
841 2823 880 2856 p.
902 2815 958 2855 46,
986 2814 1004 2845 1
1034 2831 1092 2854 -,
1131 2809 1170 2844 in
1208 2821 1272 2855 spe
1315 2812 1359 2846 Ψ.
1417 2810 1508 2845 mihi
1548 2811 1627 2856 ipse
1665 2812 1833 2846 Rutilius
1853 2812 1863 2830 '¹

165 2862 214 2898 ad.
238 2861 523 2907 proficiendum]
554 2860 601 2894 ad
628 2858 891 2904 perficiendum
914 2879 953 2883 —
976 2859 1028 2893 sic
1054 2868 1074 2894 ς
1101 2868 1236 2902 quoque
1257 2878 1297 2882 —
1323 2858 1358 2892 G.
1378 2858 1422 2893 Iv'.
1439 2858 1631 2893 Hermann
1657 2859 1809 2903 (Philol.
1831 2859 1863 2893 X

159 2921 199 2955 p.
219 2911 315 2953 239),
340 2910 523 2944 inutiliter
541 2910 552 2952 ΙΙ
575 2912 627 2942 15.
655 2905 787 2941 salutis
818 2905 904 2949 HD,
932 2904 1024 2939 satis
1049 2904 1123 2948 ΜΗ
1146 2908 1199 2940 19.
1226 2904 1390 2950 labores]
1418 2905 1556 2940 laboris
1588 2906 1652 2949 ΨΙΙ
1672 2909 1727 2940 20.
1754 2905 1863 2940 bonis

165 2967 236 3001 que
261 2968 304 2992 ex
328 2955 437 2991 bonis
470 2966 565 3000 quae
598 2955 758 2990 radendo
785 2954 833 2988 M
860 2954 872 2997 n
903 2957 958 2987 22.
986 2951 1165 2986 facultate
1191 2952 1231 2986 D
1260 2953 1272 2997 ΙΙ
1304 2955 1358 2987 27.
1387 2952 1607 2999 eliciendae]
1641 2952 1863 2987 alliciendae

165 3005 233 3039 alii
269 3005 282 3048 ΙΙ
318 3007 374 3038 28.
407 3002 630 3038 exercitibus
664 3001 743 3036 HD
779 3002 790 3044 ΙΙ
828 3003 883 3035 29.
918 2999 1175 3045 praefuerunt]
1215 3001 1394 3044 praeeunt
1426 3000 1653 3046 lVesmberq,
1691 3001 1855 3042 immin,¹

165 3053 221 3084 30.
252 3050 390 3086 inirent
425 3055 458 3086 et
496 3053 551 3086 31.
583 3049 810 3094 partirentur
844 3048 959 3082 voluit
986 3046 1035 3082 H.
1059 3047 1224 3083 ›S'ehwarz
1257 3047 1433 3092 (miscell.
1462 3048 1606 3092 philol!
1641 3048 1724 3082 diss.
1759 3048 1863 3092 Lips.

166 3100 256 3132 1878
277 3109 315 3143 1³·
336 3100 408 3142 31),
434 3109 509 3134 non
533 3102 623 3133 recte
641 3099 653 3141 11
673 3100 727 3131 31.
754 3094 959 3140 patiremur
984 3094 1032 3129 M
