2242 3496
340 1101 357 1129 [ὃ

389 136 471 176 182
982 126 1029 160 M.
1058 122 1197 158 'rvLm
1224 121 1474 156 ciclcaoms

1049 252 1224 295 XXXH.
1271 250 1407 308 (120.)

820 351 876 392 M.
910 347 1122 392 CICERO
1159 346 1199 388 s
1232 346 1282 389 D.
1315 345 1645 388 VOLVMNIO.

502 451 622 501 Quod
657 449 747 490 sine
778 443 1055 501 praenomine
1087 441 1378 496 familiariter,
1414 443 1464 482 ut
1496 442 1699 497 debebas,
1742 442 1795 483 ad
1826 455 1893 483 me
1926 442 2083 496 epistu-

385 526 469 565 lam
511 520 686 574 misisti,
723 517 909 572 primum
949 512 1216 567 addubitavi,
1254 527 1357 554 num
1390 527 1414 553 a
1446 511 1681 555 Volumnio
1720 516 1918 555 senatore
1957 515 2082 568 esset,

387 607 568 648 quocum
600 589 707 631 mihi
740 590 806 629 cst
838 600 1021 641 magnus
1053 599 1175 640 usus3
1215 583 1365 625 deinde
1397 582 1659 639 εὐτραπελία
1690 584 1936 626 litterarum
1968 584 2083 639 fecit,

385 667 433 706 ut
465 661 760 715 intellegerem
793 661 890 699 tuas
924 671 1034 711 esse3
1068 655 1223 710 quibus
1251 655 1296 695 in
1321 654 1481 696 litteris
1509 655 1654 696 omnia
1682 655 1790 697 mihi
1821 655 2084 710 periucunda

386 734 558 774 fuerunt
595 733 766 785 praeter
806 728 932 783 illud,
977 727 1089 782 quod
1128 741 1281 781 parum
1320 726 1550 782 diligenter
1588 727 1806 782 possessio
1849 726 2084 768 salinarum

385 818 575 845 mearum
609 817 633 842 a
665 804 707 843 te
740 802 1020 855 procuratore
1054 798 1316 851 defenditur,
1349 796 1412 839 ais
1446 797 1573 852 enim,
1605 801 1655 840 ut
1688 812 1768 853 ego
1802 798 2084 853 discesserim,

384 874 525 917 omnia
558 872 751 913 omnium
783 871 909 925 dicta,
941 871 986 912 in
1019 870 1080 912 eis
1115 869 1247 911 etiam
1281 868 1494 925 Sestiana,
1525 869 1571 910 in
1603 884 1670 911 me
1704 869 1902 911 conferri.
1953 869 2084 924 quid?

383 949 430 986 tu
462 945 503 985 id
535 943 727 998 pateris?
772 957 860 984 non
892 956 958 982 me
992 941 1214 983 defendis?
1258 956 1344 982 non
1376 940 1574 982 resistis?
1626 941 1823 995 equidem
1857 940 2084 996 sperabam

382 1017 443 1057 ita
474 1018 627 1057 notata
659 1029 726 1056 me
759 1014 984 1067 reliquisse
1018 1026 1177 1067 genera
1209 1011 1425 1053 dictorum
1452 1026 1660 1066 meorum,
1691 1014 1740 1053 ut
1772 1012 1975 1067 cognosci
2008 1026 2085 1053 sua

386 1089 537 1142 sponte
569 1088 766 1140 possent;
807 1085 892 1139 sed,
926 1079 1129 1138 quoniam
1161 1085 1285 1124 tanta
1316 1082 1413 1124 faex
1446 1085 1513 1124 est
1544 1083 1590 1123 in
1621 1083 1739 1137 urbe,
1772 1085 1820 1124 ut
1851 1082 1961 1124 nihil
1993 1085 2085 1123 tam

384 1159 442 1200 sit
474 1157 719 1212 ἀκύθηρον,
758 1156 871 1210 quod
909 1169 996 1196 non
1035 1153 1161 1195 alicui
1203 1156 1432 1195 venustum
1465 1168 1557 1194 esse
1590 1154 1807 1208 videatur,
1846 1167 2010 1209 pugna,
2049 1153 2085 1194 si

385 1245 450 1270 me
483 1244 620 1283 amas,
659 1227 744 1268 nisi
777 1229 902 1268 acuta
935 1224 1197 1280 ἀμφιβολία,
1235 1224 1319 1265 nisi
1352 1225 1524 1280 elegans
1557 1224 1801 1279 ὑπερβολή,
1833 1224 1918 1265 nisi
1949 1223 2086 1279 παρά-

384 1316 559 1356 γραμμα
591 1298 770 1353 bellum,
808 1297 891 1339 nisi
925 1297 1154 1338 ridiculum
1191 1295 1306 1351 παρὰ
1339 1295 1625 1349 προσδοκίαν,
1662 1295 1747 1337 nisi
1781 1297 1940 1349 cetera,
1979 1310 2086 1349 quae

385 1375 485 1413 sunt
527 1387 551 1412 a
593 1386 659 1411 me
702 1370 745 1410 in
791 1368 976 1411 secundo
1024 1367 1136 1407 libro
1183 1366 1249 1408 tde
1289 1365 1476 1408 oratore’
1521 1381 1597 1420 per
1638 1365 1816 1408 Antonii
1858 1381 2088 1421 personam

385 1443 605 1497 disputata
638 1442 687 1482 de
721 1439 924 1491 ridiculis,
959 1440 1138 1494 ἔντεχνα
1166 1440 1208 1479 et
1235 1440 1391 1492 arguta
1418 1439 1702 1493 apparebunt,
1734 1441 1783 1479 ut
1816 1441 2087 1480 sacramento

385 1513 617 1555 contendas
659 1527 753 1553 mea
790 1526 877 1553 non
916 1525 1020 1552 esse.
1088 1525 1208 1564 nam,
1249 1510 1299 1550 de
1337 1508 1507 1551 iudiciis
1547 1509 1660 1563 quod
1701 1509 1909 1565 quereris,
1951 1509 2088 1551 multo

386 1585 535 1625 laboro
570 1583 728 1624 minus:
770 1582 1002 1624 trahantur
1034 1596 1110 1636 per
1142 1596 1209 1622 me
1243 1580 1423 1635 pedibus
1457 1595 1605 1621 omnes
1638 1580 1717 1634 101,
1758 1580 1815 1621 sit
1847 1580 1913 1622 vel
1948 1579 2088 1622 Selius

386 1658 475 1696 tam
509 1654 731 1708 eloquens,
769 1656 818 1694 ut
855 1653 995 1707 possit
1026 1652 1209 1707 probare
1243 1667 1287 1693 se
1319 1652 1523 1693 liberum:
1567 1666 1655 1693 11011
1693 1651 1856 1693 laboro.
1918 1651 2088 1693 urbani-

387 1726 490 1767 tatis
521 1725 850 1780 possessionem,
884 1724 1050 1779 amabo,
1084 1723 1307 1777 quibusvis
1335 1722 1576 1764 interdictis
1604 1722 1900 1777 (lefendamus3
1933 1723 1979 1764 111
2005 1738 2089 1778 qua

387 1800 428 1839 te
462 1812 593 1838 unum
625 1799 784 1851 metuo,
817 1798 1045 1837 contemno
1080 1797 1255 1836 ceteros.
1309 1793 1491 1835 derideri
1519 1796 1560 1835 te
1594 1796 1739 1848 putas:
1771 1808 1885 1836 nunc
1917 1794 2089 1836 demum

390 1868 595 1924 intellego
634 1871 675 1908 te
715 1882 876 1922 sapere.
940 1867 1013 1908 sed
1058 1866 1268 1908 mercules
1311 1867 1432 1907 extra
1472 1865 1632 1907 iocum:
1678 1865 1801 1906 valde
1844 1865 1952 1906 mihi
1990 1868 2090 1907 tuae

388 1941 557 1982 litterae
607 1939 771 1981 facetae
823 1938 1129 1994 elegantes-que
1174 1937 1290 1979 visae
1342 1938 1454 1978 sunt.
1529 1936 1622 1990 illa,
1668 1936 1864 1991 qnamvis
1909 1937 2092 1978 ridicula

389 2013 549 2065 essent,
588 2010 699 2052 sicut
738 2012 876 2064 erant,
915 2009 1021 2050 mihi
1057 2011 1205 2050 tamen
1237 2009 1373 2050 risum
1405 2024 1492 2050 non
1525 2009 1770 2061 moverunt,
1817 2007 1942 2062 cupio
1975 2007 2090 2050 enim

389 2085 583 2123 nostrum
618 2082 740 2122 illum
773 2080 958 2123 amicum
990 2081 1035 2122 in
1068 2079 1297 2121 tribunatu
1330 2095 1460 2134 quam
1492 2079 1728 2134 plurimum
1759 2078 1917 2121 habere
1951 2079 2091 2135 gravi-

390 2152 511 2193 tatis:
556 2152 598 2193 id
638 2167 733 2193 cum
767 2152 902 2207 ipsius
936 2167 1066 2194 causa
1103 2177 1150 2181 —-
1189 2154 1255 2193 est
1292 2151 1418 2206 mihi,
1456 2154 1505 2192 ut
1544 2150 1645 2203 scis,
1686 2150 1730 2192 in
1769 2150 1990 2192 amoribus
2023 2175 2091 2205 -—,

390 2226 482 2264 tum
516 2222 756 2265 mehercule
790 2224 921 2264 etiam
953 2223 1015 2264 rei
1047 2239 1099 2277 p.,
1134 2237 1261 2277 quam
1295 2222 1480 2277 quidem,
1513 2221 1709 2276 quamvis
1742 2221 1787 2262 in
1819 2236 1885 2263 me
1918 2221 2092 2277 ingrata

391 2295 466 2349 sit,
506 2309 648 2335 amare
687 2309 773 2335 non
813 2295 1016 2335 desinam.
1080 2297 1145 2349 tu,
1184 2294 1244 2335 mi
1280 2293 1504 2347 Volumni,
1543 2291 1747 2347 quoniam
1784 2295 1827 2333 et
1858 2292 2091 2334 instituisti

391 2368 434 2406 et
466 2364 571 2406 mihi
603 2365 721 2406 vides
755 2379 847 2407 esse
880 2369 1066 2421 gratum,
1099 2365 1238 2407 scribe
1266 2365 1318 2406 ad
1344 2379 1411 2406 me
1439 2379 1568 2419 quam
1596 2364 1847 2418 saepissime
1879 2364 1929 2405 de
1962 2364 2090 2405 rebus

391 2436 584 2489 urbanis,
628 2437 677 2477 de
721 2451 764 2478 re
805 2453 862 2491 p.:
914 2437 1123 2479 iucundus
1169 2439 1235 2478 est
1279 2436 1387 2477 mihi
1432 2450 1571 2477 sermo
1616 2435 1862 2476 litterarum
1905 2437 2089 2477 tuarum.

509 2568 540 2598 4.
569 2564 792 2599 addubitaui
818 2565 916 2610 (abd.
945 2566 993 2599 M
997 2566 1024 2610 ⁰)
1050 2577 1140 2599 num
1165 2565 1220 2609 M,
1247 2563 1472 2598 addubitaui
1497 2564 1544 2607 R,
1572 2563 1688 2598 habui
1714 2561 1868 2598 dubium
1893 2563 2017 2597 utrum
2046 2564 2091 2607 G,

393 2611 614 2647 addubitavi
641 2624 688 2646 an
714 2613 868 2658 Madvig]
893 2613 1005 2658 Gadv.
1032 2614 1127 2648 crit?
1155 2613 1189 2646 Π
1210 2624 1248 2657 p.
1272 2613 1317 2656 ΙΙ)
1337 2613 1348 2657 ΙΙ
1369 2615 1399 2646 5.
1426 2622 1584 2656 magnus
1612 2613 1668 2646 est
1691 2611 1723 2646 G
1742 2612 1753 2655 11
1774 2613 2016 2654 ευτραπελεια
2035 2611 2089 2646 M.

395 2661 535 2695 Graeca
566 2672 667 2705 quem
699 2661 747 2694 ad
778 2661 921 2695 modum
947 2661 988 2695 ’ἱαί
1016 2660 1087 2695 GR
1115 2661 1219 2705 picta
1249 2661 1323 2694 si‘nt
1354 2661 1470 2694 dicere
1501 2670 1808 2703 supervacaneum
1838 2659 1850 2703 ΙΙ
1882 2661 1912 2692 9.
1941 2657 2010 2703 eis]
2043 2657 2090 2691 iis

406 2708 622 2752 Wesenbery,
648 2706 705 2740 his
734 2708 767 2740 Ω
798 2708 809 2752 Η
842 2710 896 2742 10.
922 2719 996 2741 11011
1021 2718 1079 2741 1110
1107 2719 1144 2752 ς,
1170 2718 1291 2741 11011110
1318 2709 1367 2751 Ω,
1404 2718 1477 2740 11011
1503 2708 1571 2741 alii
1596 2708 1606 2751 Η
1633 2705 1808 2740 defendes
1837 2705 1908 2740 GR
1934 2706 1945 2749 ΙΙ
1969 2715 2090 2740 nonne

393 2754 535 2788 resistis
564 2755 596 2790 G
634 2756 645 2799 Η
684 2758 737 2788 11.
765 2754 985 2798 relinquisse
1012 2755 1060 2789 M
1093 2757 1103 2800 Η
1140 2756 1182 2789 ut
1209 2755 1298 2798 GR,
1333 2754 1388 2788 ita
1414 2755 1455 2788 ut
1479 2755 1529 2788 M
1560 2756 1571 2799 Η
1611 2757 1663 2788 11.
1693 2757 1746 2788 12.
1775 2753 1905 2797 sponte
1931 2763 1999 2786 sua
2024 2753 2060 2787 R
2080 2753 2091 2798 Η

397 2805 450 2835 16,
483 2813 547 2845 per
580 2801 732 2836 Antonii
769 2802 981 2847 personam]
1020 2814 1100 2837 cum
1136 2803 1316 2837 Lambz'sno
1355 2803 1421 2836 del.
1455 2802 1602 2845 Schultz,
1639 2811 1704 2846 per
1736 2799 1771 2834 O.
1800 2798 1887 2833 Iulii
1923 2811 1958 2844 p.
1998 2802 2089 2835 coni.

398 2849 608 2891 Namnatius,
642 2860 707 2894 per
733 2848 894 2884 alienam
920 2861 954 2894 p.
983 2850 1092 2884 Klotz
1123 2851 1134 2895 Η
1167 2853 1220 2884 16.
1250 2853 1303 2884 17,
1333 2849 1525 2894 disputata
1549 2859 1746 2893 personam
1773 2847 1807 2882 G
1838 2848 1849 2891 ΙΙ
1882 2849 1935 2880 19.
1962 2846 2091 2882 labore

399 2896 468 2930 GR
499 2897 510 2939 Η
541 2896 753 2942 trahantur]
785 2909 816 2931 v.
844 2897 938 2931 Boot
964 2898 1012 2930 ad
1040 2897 1110 2931 Cic.
1139 2899 1187 2931 ad
1213 2897 1289 2931 Aa.
1316 2896 1376 2940 IV,
1406 2900 1460 2940 18,
1482 2900 1501 2930 2
1533 2897 1544 2940 ΙΙ
1576 2894 1712 2940 Selius]
1739 2906 1770 2929 v.
1797 2895 1976 2929 Bszzcheler
2001 2906 2090 2930 mus.

397 2942 511 2976 Rhea.
538 2943 734 2978 XXXVIII.
764 2947 864 2978 1833.
889 2956 924 2988 p.
947 2946 1015 2977 514
1047 2946 1057 2988 ΙΙ
1090 2948 1144 2979 20.
1173 2948 1226 2978 21.
1255 2942 1503 2978 uei-banitatis
1529 2943 1579 2977 M
1598 2944 1608 2987 ΙΙ
1634 2945 1689 2977 21.
1717 2941 1851 2975 amabo
1880 2942 1940 2984 M,
1968 2941 2091 2976 amalo

400 2988 470 3039 GR
489 2990 500 3033 1]
519 2993 574 3023 23.
602 2990 830 3025 mehercules
859 2992 902 3034 G,
930 2991 1138 3026 mehercule
1163 2992 1199 3026 R
1220 2993 1304 3035 1126.
1332 2992 1498 3025 nostrum
1523 2989 1629 3024 illum
1656 2989 1703 3034 R,
1729 2989 1879 3022 nostrus
1905 2988 2012 3022 illum
2037 2990 2092 3033 M,

399 3034 503 3068 illum
535 3038 699 3070 nostrum
733 3038 766 3072 G
804 3039 815 3082 u
853 3041 907 3073 27.
940 3037 995 3083 id]
1028 3038 1140 3082 idque
1173 3040 1251 3073 «lati.
1295 3040 1339 3081 cf.
1373 3037 1529 3072 Vahleffl
1555 3037 1604 3071 ad
1631 3036 1701 3071 Cic.
1729 3037 1771 3071 de
1797 3037 1860 3081 109.
1887 3036 1930 3079 Π,
1957 3039 1990 3081 8,
2018 3040 2061 3070 19
2081 3038 2092 3083 J:

399 3085 454 3116 29.
482 3082 655 3126 quoniam
681 3083 765 3119 inst.
794 3085 827 3120 G

2104 954 2138 979 10

2108 1309 2140 1334 15

2109 1664 2142 1688 20

2110 2018 2145 2045 25

2111 2375 2145 2400 30
