2242 3496
405 189 461 230 60
1003 189 1051 224 Μ.
1079 188 1219 223 TVLLI
1246 188 1496 226 CICERONIS

403 299 451 337 ut
482 298 622 338 minus
655 313 750 338 mea
788 312 933 350 causa,
971 297 1071 337 dum
1109 309 1190 351 ego
1230 297 1388 351 apsim,
1427 298 1580 341 debere
1620 298 1821 353 videaris,
1860 315 1987 356 quam
2020 314 2100 356 ego

403 370 478 408 tua
510 368 753 422 laborarim,
786 368 921 408 libero
954 370 996 408 te
1029 366 1114 408 ista
1146 381 1263 409 cura:

899 485 946 490 —
985 484 1039 490 —-—
1072 459 1167 515 παρ’
1204 460 1306 516 ἐμοί
1332 478 1379 516 γε
1413 462 1486 505 καὶ
1517 465 1665 518 ἄλλοι,

684 531 730 572 οἴ
756 530 807 572 κε’
836 546 887 585 με
919 532 1171 586 τιμήσουσι,
1205 532 1390 587 μάλιστα
1424 531 1471 576 δὲ
1503 537 1682 589 μητίετα
1716 536 1837 587 Ζεύς.

401 627 437 667 si
476 628 617 666 autem
663 628 818 666 natura
856 640 899 666 es
938 628 1179 680 φιλαίτιος,
1224 627 1331 669 illud
1368 644 1456 670 non
1491 630 1687 684 perficies
1726 645 1809 685 quo
1847 632 1988 674 minus
2026 635 2102 674 tua

400 711 526 737 causa
552 696 692 749 velim,
724 695 806 737 hoc
834 697 1078 753 adsequere,
1111 701 1171 752 ut,
1205 713 1334 753 quam
1366 700 1412 741 in
1443 704 1611 755 partem
1644 704 1691 742 tu
1725 702 1923 756 accipias,
1959 704 2100 745 minus

399 767 601 807 laborem.
657 766 762 808 haec
796 767 848 808 ad
879 770 922 809 te
954 769 1107 823 scripsi
1140 770 1336 826 liberius,
1373 771 1510 814 fretus
1550 773 1813 815 conscientia
1851 773 1984 815 officii
2017 775 2098 815 mei

398 837 813 892 benivolentiaeque,
859 854 987 893 quam
1026 855 1050 882 a
1089 856 1156 882 mc
1199 844 1316 884 certo
1361 842 1520 885 iudicio
1565 846 1827 899 susceptam,
1873 845 2014 899 quoad
2053 848 2099 886 tu

397 909 532 964 voles,
566 908 840 951 conservabo.

1104 1031 1222 1075 vni.
1275 1032 1381 1089 (96.)

803 1124 1013 1168 CICERO
1049 1126 1088 1169 s.
1115 1127 1165 1169 D.
1195 1126 1369 1169 APPIO
1401 1127 1686 1170 PVLCHRO.

513 1220 627 1275 Etsi,
666 1224 877 1275 quantum
919 1236 969 1262 ex
1013 1222 1100 1263 tuis
1140 1222 1298 1263 litteris
1338 1222 1589 1278 intellegere
1634 1224 1774 1278 potui,
1819 1224 2017 1266 videbam
2056 1227 2099 1266 te

394 1292 503 1333 lianc
536 1282 777 1347 epistolam,
811 1308 907 1335 cum
941 1293 993 1334 ad
1025 1293 1178 1335 urbem
1211 1308 1338 1348 esses,
1371 1309 1464 1336 esse
1490 1295 1703 1336 lecturum
1730 1295 1986 1351 refrigerato
2013 1295 2100 1337 iam

393 1363 612 1405 levissimo
656 1379 852 1406 sermone
896 1364 1121 1406 hominum
1164 1364 1516 1420 provincialium,
1560 1368 1730 1421 tamen,
1775 1381 1872 1408 cum
1916 1369 1964 1408 tu
2008 1369 2100 1408 tam

393 1434 542 1475 inultis
570 1434 710 1476 verbis
745 1435 797 1476 ad
830 1450 898 1477 me
931 1436 981 1477 de
1014 1436 1312 1491 improborum
1340 1436 1534 1478 oratione
1561 1437 1821 1491 scripsisses,
1856 1436 2101 1479 faciendum

349 1537 365 1545 -
394 1504 499 1546 mihi
537 1506 706 1560 putavi,
751 1509 799 1548 ut
840 1507 926 1548 tuis
967 1507 1128 1549 litteris
1172 1507 1294 1549 brevi
1338 1508 1653 1562 responderem.
1715 1509 1788 1550 sed
1831 1508 1973 1562 prima
2017 1509 2100 1550 duo

394 1577 537 1631 capita
581 1577 790 1632 epistolae
831 1581 930 1620 tuae
972 1579 1106 1621 tacita
1146 1579 1254 1620 mihi
1299 1579 1615 1635 quodammodo
1662 1579 1944 1633 relinquenda
1982 1583 2100 1636 sunt3

391 1647 500 1689 nihil
540 1649 653 1690 enim
690 1648 870 1703 habent,
913 1650 1027 1704 quod
1060 1650 1283 1691 definitum
1323 1650 1380 1691 sit
1413 1653 1487 1691 aut
1526 1653 1710 1701 certum,
1747 1650 1832 1692 nisi
1871 1665 1938 1692 me
1975 1651 2100 1692 vultu

393 1719 692 1761 taciturnitate
727 1720 994 1775 significasse
1027 1720 1111 1762 tibi
1141 1735 1229 1762 non
1262 1736 1354 1762 esse
1388 1720 1586 1775 amicum,
1619 1721 1747 1776 idque
1779 1736 1858 1776 pro
1891 1722 2100 1764 tribunali

393 1806 489 1832 cum
534 1790 697 1845 aliquid
742 1794 943 1847 ageretur
982 1794 1026 1834 et
1063 1792 1281 1834 nonnullis
1321 1793 1365 1833 in
1404 1792 1611 1834 conviviis
1655 1792 1851 1848 intellegi
1891 1793 2098 1848 potuisse.

390 1862 471 1904 hoc
505 1865 645 1903 totum
677 1863 786 1904 nihil
820 1878 911 1905 esse
944 1878 1121 1918 possum
1154 1863 1423 1919 intellegere3
1457 1864 1541 1918 sed,
1573 1878 1671 1905 cum
1704 1863 1761 1905 sit
1791 1863 1914 1919 nihil,
1944 1879 1997 1906 ne
2025 1865 2099 1919 qui

392 1932 558 1975 dicatur
598 1934 768 1988 quidem
808 1934 1035 1990 intellego:
1077 1934 1183 1976 illud
1223 1935 1395 1990 quidem
1441 1935 1547 1988 scio,
1590 1949 1708 1977 meos
1755 1935 1916 1977 multos
1955 1937 1998 1977 et
2035 1935 2098 1977 in-

391 2005 539 2047 lustris
574 2008 616 2046 et
649 2020 698 2046 ex
732 2006 952 2060 superiore
986 2009 1029 2048 et
1062 2021 1112 2048 ex
1146 2021 1282 2061 aequo
1316 2007 1411 2048 loco
1440 2021 1658 2048 sermones
1685 2005 1860 2048 habitos
1894 2022 1991 2049 cum
2022 2010 2098 2050 tua

392 2091 558 2117 summa
602 2077 726 2118 laude
766 2080 809 2118 et
841 2078 988 2131 *tcum
1026 2092 1183 2133 magna
1226 2077 1515 2119 sollicitudine
1561 2077 1879 2133 significatione
1921 2080 2096 2121 nostrae

2120 1047 2154 1073 10

2123 1450 2155 1475 15

2119 1807 2153 1832 20

390 2147 702 2188 familiaritatis
742 2148 794 2189 ad
833 2151 874 2189 te
912 2163 1010 2190 vere
1052 2149 1245 2204 potuisse
1290 2148 1455 2212 deferri.
1517 2163 1636 2202 nam,
1682 2149 1795 2203 quod
1833 2149 1886 2190 ad
1923 2149 2092 2205 legatos
2111 2161 2145 2188 25

391 2218 559 2272 attinet,
593 2218 694 2273 quid
727 2234 751 2259 a
783 2234 850 2261 me
882 2220 975 2261 fieri
1007 2221 1154 2275 potuit
1186 2224 1260 2262 aut
1292 2220 1532 2276 elegantius
1566 2222 1640 2261 aut
1671 2220 1851 2275 iustius,
1885 2235 2012 2275 quam
2047 2224 2096 2262 ut

392 2292 589 2343 sumptus
622 2290 1001 2345 egentissimarum
1035 2291 1262 2333 civitatum
1294 2290 1531 2333 minuerem
1560 2291 1651 2332 sine
1677 2290 1766 2332 ulla
1792 2291 2094 2333 imminutione

391 2359 616 2415 dignitatis
643 2364 756 2417 tuae,
782 2362 1036 2416 praesertim
1064 2363 1169 2417 ipsis
1198 2362 1449 2405 civitatibus
1475 2362 1830 2417 postulantibus?
1860 2376 1962 2403 nam
1988 2362 2094 2404 mihi

391 2435 531 2472 totum
553 2446 688 2487 genus
715 2433 981 2488 legationum
1008 2436 1083 2475 tuo
1110 2434 1284 2475 nomine
1305 2433 1672 2488 proficiscentium
1697 2436 1851 2475 notum
1876 2448 1964 2475 non
1989 2437 2092 2476 erat.

389 2501 604 2556 Apameae
637 2518 734 2545 cum
766 2519 921 2559 essem,
960 2505 1194 2546 multarum
1233 2504 1460 2546 civitatum
1496 2504 1713 2559 principes
1747 2505 1800 2546 ad
1831 2519 1898 2546 me
1932 2505 2093 2547 detule-
2113 2517 2129 2541 3

509 2635 538 2665 1.
569 2631 698 2666 absum
726 2644 745 2669 ς
777 2634 788 2677 ΙΙ
820 2632 957 2667 uideris
984 2634 1033 2668 M
1059 2635 1070 2677 ΙΙ
1102 2637 1132 2668 3.
1160 2634 1474 2668 ΠΑΡΕΜΟΤΓΕ
1500 2633 1563 2678 M,
1598 2634 1913 2668 HAPEMOTTE
1941 2633 2024 2678 GR,
2050 2644 2094 2668 ex

390 2679 518 2721 quibus
544 2684 703 2714 monstra
730 2682 851 2714 omnia
877 2682 917 2715 in
941 2682 1139 2716 scribendis
1168 2682 1280 2716 verbis
1307 2682 1458 2716 Graecis
1482 2681 1614 2724 'referre
1640 2692 1714 2716 non
1739 2692 1829 2725 opus
1847 2681 1859 2725 ΙΙ
1878 2684 1908 2714 4.
1937 2678 2093 2726 μάλιστα

390 2724 429 2758 δὲ
457 2723 607 2769 μητίετα
635 2727 726 2767 Ζεὺς
754 2729 856 2763 cerba
882 2732 1062 2773 suspectat
1085 2729 1120 2763 J.
1145 2729 1244 2774 Frey
1270 2729 1409 2774 (progr.
1436 2729 1589 2764 Roessel.
1619 2731 1719 2762 1875.
1744 2740 1780 2772 p.
1801 2728 1848 2772 V)
1878 2728 1890 2772 ΙΙ
1921 2730 1951 2761 6.
1979 2726 2093 2761 uelim

392 2772 444 2815 M,
471 2772 530 2807 uel
555 2773 594 2807 in
622 2775 693 2809 GR
713 2776 724 2818 l}
752 2773 791 2808 in
817 2786 929 2819 quam
955 2776 991 2811 R
1016 2777 1027 2820 ΙΙ
1054 2779 1084 2810 8.
1113 2775 1391 2810 beniuolentiae
1417 2775 1563 2821 copiam
1591 2787 1613 2810 a
1637 2786 1695 2810 me
1723 2776 1795 2810 GR
1819 2776 1831 2819 ΙΙ
1858 2778 1910 2809 11.
1939 2775 2093 2819 inscrip-

390 2821 520 2854 tionem
540 2832 604 2855 om.
626 2822 662 2856 R
683 2823 693 2865 ΙΙ
714 2825 767 2856 12.
790 2822 870 2856 Etsi
888 2823 970 2867 GR,
997 2823 1047 2857 Ut
1073 2823 1103 2857 si
1130 2824 1184 2866 M,
1210 2824 1271 2858 sed
1290 2823 1322 2857 U
1348 2825 1385 2857 iu
1413 2836 1484 2858 ras.
1505 2836 1528 2858 α
1548 2824 1614 2858 DIC
1633 2824 1644 2867 ΙΙ
1665 2826 1717 2857 13.
1740 2833 1839 2856 esses
1858 2822 1913 2865 M,
1939 2820 2032 2856 isses
2048 2822 2093 2864 G,

391 2864 500 2900 issem
526 2868 561 2903 R
593 2870 604 2911 Η
638 2872 690 2902 14.
718 2870 758 2902 tu
784 2871 863 2903 tam
890 2871 950 2912 M,
981 2871 1100 2904 totam
1129 2871 1200 2906 GR
1238 2873 1248 2915 ΙΙ
1287 2874 1340 2904 15.
1369 2871 1416 2905 ad
1442 2882 1500 2905 me
1527 2871 1573 2905 de
1599 2871 1659 2914 M,
1692 2869 1787 2903 adde
1815 2869 1865 2912 G,
1893 2879 1936 2903 ac
1962 2868 2008 2902 de
2033 2869 2094 2904 Rs

392 2913 555 2948 oratione
582 2927 625 2950 cas
649 2916 856 2950 moratione
876 2918 1035 2952 radendo
1057 2919 1110 2962 M,
1138 2917 1353 2953 hortacione
1376 2919 1447 2954 GR
1466 2920 1477 2963 11
1499 2922 1551 2952 18.
1570 2921 1622 2951 19.
1648 2916 1755 2950 uultu
1775 2917 1813 2950 et
1831 2915 2092 2950 taciturnitate

394 2961 464 2994 GR
489 2963 499 3004 Η
528 2966 578 2995 19.
606 2974 678 2996 non
705 2963 775 2997 tibi
804 2964 837 2999 G
863 2965 873 3007 ΙΙ
900 2968 953 2998 20.
981 2963 1019 2997 in
1045 2976 1110 2999 om.
1134 2966 1206 3000 GR
1225 2967 1236 3010 Η
1256 2969 1310 2999 21.
1338 2965 1683 3009 hoc—intellegere
1703 2975 1768 2998 om.
1792 2964 1825 2998 G
1845 2964 1856 3007 ΙΙ
1874 2974 2006 3008 posum
2026 2964 2093 3008 M}

392 3006 455 3058 qni
485 3010 610 3046 melli.
642 3009 732 3053 quid
758 3012 808 3054 Ω,
843 3012 939 3056 quod
969 3015 1060 3046 tenet
1087 3012 1248 3048 Schmalz
1274 3013 1328 3056 (Z.
1349 3013 1376 3056 f.
1397 3014 1430 3048 cl.
1453 3013 1583 3058 Gymn.
1606 3013 1694 3045 1881
1717 3023 1755 3055 p.
1778 3013 1835 3053 98)
1867 3011 1878 3055 ΙΙ
1910 3014 1964 3044 24.
1992 3009 2092 3044 solh‘-

393 3054 555 3088 citudine
583 3058 618 3089 ίιι
647 3060 692 3090 Μ
709 3069 824 3102 paene
849 3069 1005 3102 erasum,
1032 3060 1093 3093 sed
1114 3064 1197 3103 post
1223 3061 1259 3093 P
1279 3062 1342 3104 qui
1368 3073 1396 3095 1³.
1424 3062 1604 3105 inte-(yrum
1630 3059 1724 3103 legyit.
1750 3059 1817 3093 del.
1844 3069 1864 3094 ς
1889 3059 1901 3102 ΙΙ
1926 3060 1980 3092 25.
2007 3068 2092 3092 vere

392 3111 456 3134 om.
479 3101 514 3135 R
534 3104 544 3144 Η
565 3103 612 3135 ad
637 3102 677 3149 1.]
707 3105 900 3150 adlegatos
927 3116 970 3140 em
995 3105 1179 3150 allegatos
1206 3107 1269 3150 R1,
1297 3107 1480 3152 allega-tos
1501 3106 1560 3149 M,
1591 3105 1755 3149 allegato
1784 3106 1816 3140 G
1836 3106 1921 3148 1127.
1950 3106 2092 3139 sumtus

390 3148 424 3184 h.
446 3148 466 3182 1.
493 3148 540 3182 M
568 3150 579 3193 Η
611 3154 664 3184 28.
693 3151 944 3187 ciciuitatibus
970 3153 1020 3187 M
