2242 3496
81 1291 113 1316 10

622 197 959 233 EI‘IS'I'VLARVM
990 199 1044 234 IV.
1076 204 1127 234 1⁴.
1159 205 1210 235 15.
1245 200 1284 234 V.
1319 205 1344 235 Ι.
1773 202 1825 241 ΗΊ

138 303 395 345 monendum
430 305 599 357 putavi,
631 320 683 346 110.
717 321 800 360 quo
835 308 1023 360 periculo
1057 311 1098 349 te
1131 308 1304 362 proprio
1338 308 1605 349 existimares
1640 323 1747 350 esse:
1789 310 1826 350 in

137 387 295 429 magno
329 388 489 426 onmeS,
521 375 593 415 sed
628 379 771 418 tamen
803 377 847 417 in
881 379 1093 419 communi
1129 394 1292 432 sumus3
1326 393 1456 433 quare
1488 394 1572 419 nun
1600 379 1727 420 ‹lt-bes
1756 383 1829 420 aut

137 443 355 499 propriam
394 444 610 485 fortunam
651 450 693 486 vt
733 447 1003 502 praecipuam
1044 450 1263 502 pustulam¹
1297 453 1371 490 aut
1413 464 1682 491 communem
1717 465 1829 491 recu-

136 528 240 555 sare.
299 518 562 569 quapropter
599 530 648 556 eo
688 516 831 557 animo
872 518 1005 559 simus
1045 520 1156 560 inter
1189 535 1284 572 nos,
1323 535 1406 575 quo
1445 536 1614 575 semper
1652 521 1829 573 suimus3

135 584 248 640 quod
280 584 330 625 (le
363 588 404 625 te
438 600 621 639 sperare,
654 587 704 627 (lc
739 603 804 628 mc
838 593 1055 642 praestare
1088 606 1275 644 possmn.

953 811 1017 864 V.

907 942 937 983 1.
988 944 1065 997 (2.)

212 1033 260 1083 Q.
293 1033 606 1077 METELLVS
640 1036 685 1085 Q.
721 1036 765 1077 F.
800 1035 992 1078 CELER
1024 1036 1255 1080 PROCOS.
1291 1038 1332 1080 S.
1364 1039 1413 1080 D.
1448 1039 1502 1081 M.
1535 1040 1748 1083 TVLLIO

840 1105 1129 1150 CICERONI.

252 1199 297 1242 Si
336 1200 471 1253 vales,
508 1201 673 1242 benest.
724 1201 1019 1243 existimaram
1052 1218 1128 1257 pro
1172 1206 1321 1245 mutuo
1354 1204 1466 1246 inter
1496 1220 1575 1247 nos
1609 1207 1750 1247 animo
1784 1210 1826 1247 ct
1858 1218 1869 1247 1

133 1285 211 1326 pro
242 1271 521 1314 reconciliata
559 1272 702 1327 gratia
738 1286 815 1313 nec
858 1272 1080 1315 absentem
1118 1274 1303 1315 ludibrio
1343 1275 1506 1317 laesum
1544 1276 1597 1317 iri
1635 1292 1711 1318 nec
1744 1275 1829 1317 Mc-

131 1343 283 1384 tellum
321 1342 501 1384 fratrem
539 1343 594 1384 ob
633 1343 797 1384 dictum
838 1343 979 1397 capite
1020 1359 1069 1386 ac
1107 1344 1294 1386 fortunis
1336 1361 1412 1400 per
1450 1350 1491 1388 te
1533 1351 1829 1403 oppugna-tum

130 1413 202 1469 iri3
239 1429 365 1469 quem
398 1413 435 1456 si
465 1428 618 1468 parum
654 1414 793 1469 pudor
830 1414 969 1468 ipsius
1009 1415 1285 1471 defendebat,
1326 1417 1509 1459 debebat
1541 1419 1607 1459 vel
1642 1419 1829 1460 familiae

129 1487 304 1526 nostrae
336 1485 524 1540 dignitas
556 1485 624 1527 vel
655 1499 799 1526 meum
825 1485 1016 1527 studium
1045 1501 1148 1542 erga
1173 1502 1249 1529 vos
1276 1502 1450 1543 remque
1479 1488 1696 1543 publicam
1724 1490 1829 1530 satis

131 1554 373 1598 sublevare:
412 1570 526 1598 nunc
557 1556 679 1598 video
712 1556 837 1597 illum
869 1556 1228 1613 circumventum,
1261 1573 1327 1599 me
1353 1559 1583 1614 desertum,
1617 1575 1641 1601 a
1673 1560 1829 1614 quibus

250 1687 281 1719 1.
307 1694 353 1719 ne
378 1685 467 1731 quo]
498 1695 619 1729 neque
644 1685 681 1720 R
706 1688 717 1731 I}
743 1685 839 1733 (in)
865 1686 1030 1730 periculo
1057 1686 1277 1730 Lambinus,
1311 1688 1405 1732 quod
1436 1688 1577 1730 frea-stra
1608 1688 1830 1723 commendat

130 1730 237 1776 Bwry
270 1731 333 1766 ‘de
364 1731 417 1766 M.
447 1732 562 1768 Caelii
592 1733 682 1776 Rufi
712 1745 836 1777 ρεπεν-ε
870 1734 1016 1768 dicendi
1026 1734 1035 1749 ’
1075 1734 1173 1778 (diss.
1203 1735 1375 1779 Fribnrq.
1405 1737 1509 1779 1888)
1532 1747 1571 1780 p.
1594 1739 1637 1768 24
1669 1736 1680 1778 ΙΙ
1712 1740 1742 1768 3.
1777 1735 1830 1778 etl

131 1778 198 1812 aut
222 1779 258 1812 Ω
280 1780 293 1821 ΙΙ
321 1781 351 1814 5.
384 1789 545 1824 possum.
578 1779 662 1814 finit
691 1780 787 1815 liber
812 1780 873 1815 III.
901 1780 1143 1826 epistolarum
1170 1781 1287 1816 Marci
1313 1781 1426 1816 Tullii
1454 1781 1526 1816 Cic.
1557 1782 1604 1816 ad
1631 1781 1829 1817 Seruilium

131 1824 338 1869 Sulpicium
367 1829 405 1861 et
436 1827 485 1861 ad
515 1827 683 1862 Marcum
715 1827 934 1863 Marcellum
967 1830 1005 1863 et
1037 1828 1085 1862 ad
1115 1828 1267 1863 ficulum
1299 1830 1336 1863 et
1368 1829 1416 1863 ad
1448 1829 1592 1864 Gneum
1624 1828 1828 1873 plangium.

129 1871 318 1917 Incipiunt
353 1873 522 1918 capitula
557 1874 646 1909 libri
683 1875 807 1919 quarti
845 1876 894 1918 G,
934 1887 1095 1920 possum.
1129 1876 1176 1910 M.
1205 1876 1244 1911 T.
1273 1875 1514 1921 epistolarum
1552 1876 1598 1910 ad
1633 1876 1830 1911 Seruilium

131 1919 286 1964 explicit
310 1920 333 1955 l.
360 1921 440 1957 IIII.
465 1921 612 1967 Incipit.
634 1921 675 1957 V.
703 1924 742 1967 (a
761 1935 805 1958 m.
827 1926 863 1968 2>
891 1923 939 1957 ad
966 1922 1007 1965 Q.
1034 1923 1226 1958 metellum
1253 1925 1291 1958 et
1317 1925 1522 1958 ceterarum
1549 1924 1583 1958 R
1614 1926 1626 1966 ΙΙ
1659 1928 1689 1958 7.
1717 1924 1831 1957 Libro

130 1969 257 2012 quinto
282 1969 323 2003 in
348 1969 430 2004 MR
454 1970 513 2004 hic
539 1971 763 2014 praemissus
787 1975 838 2005 est
862 1971 974 2005 incler:
999 1971 1102 2016 (leves
1127 1971 1304 2015 quaedam
1329 1971 1364 2006 R
1390 1972 1656 2015 discrepantiae
1682 1972 1832 2005 omissae

129 2016 248 2059 sunt):
288 2018 318 2050 1.
347 2015 388 2058 Q.
416 2015 588 2051 Metellus
621 2016 661 2058 Q.
688 2016 729 2052 F.
756 2016 911 2052 CELER
941 2017 1135 2053 PROCOS.
1164 2017 1197 2052 S.
1225 2017 1267 2052 D.
1295 2018 1342 2052 M.
1371 2017 1544 2052 TVLLIO
1579 2017 1801 2052 CICERONI

130 2064 162 2096 2.
189 2061 237 2097 M.
265 2061 467 2098 TVLLIVS
493 2064 541 2099 M.
569 2064 606 2099 F.
635 2063 807 2099 CICERO
840 2064 880 2106 Q.
907 2065 1134 2099 METELLO
1161 2064 1200 2106 Q.
1229 2064 1267 2100 F.
1297 2064 1468 2099 CELERI
1503 2064 1710 2108 (ci0eroque
1737 2076 1831 2098 mal·-

130 2109 224 2144 cello
249 2109 274 2146 f.
301 2110 416 2145 caleri
441 2111 493 2156 R)
518 2111 714 2147 PROCOS.
742 2112 775 2147 S.
803 2112 845 2147 D.
872 2114 883 2157 ΙΙ
912 2115 943 2146 3.
972 2111 1012 2154 Q.
1040 2112 1294 2146 METELLVS
1321 2111 1476 2147 NEPOS
1504 2112 1537 2147 S.
1564 2112 1606 2146 D.
1634 2112 1681 2146 M.
1710 2111 1831 2146 CICE-

130 2156 248 2192 RONI
285 2157 490 2193 HOMINIS
527 2159 606 2203 (hoc
630 2171 661 2194 v.
688 2171 754 2194 om.
781 2160 832 2203 R)
870 2162 881 2203 ΙΙ
918 2163 949 2194 4.
983 2159 1032 2194 M.
1059 2158 1230 2194 CICERO
1264 2159 1297 2194 S.
1326 2159 1367 2194 D.
1396 2158 1435 2200 Q.
1462 2159 1687 2193 METELLO
1721 2161 1830 2201 (mar-

131 2203 226 2238 cello
251 2204 302 2249 R)
329 2204 461 2240 CONS.
489 2205 772 2248 LITTERAEQ.
801 2206 1006 2242 FRATRIS
1032 2207 1132 2250 (haec
1157 2207 1228 2241 cluo
1254 2218 1285 2241 ν.
1312 2218 1377 2241 om.
1405 2207 1455 2249 R)
1483 2208 1495 2250 II
1527 2210 1556 2240 5.
1585 2206 1632 2240 M.
1660 2205 1830 2241 CICERO

132 2250 166 2286 S.
194 2251 236 2286 D.
264 2250 300 2287 C.
326 2252 551 2288 ANTONIO
582 2253 630 2288 M.
659 2253 696 2288 F.
724 2253 1026 2288 IMPERATORI
1063 2256 1074 2297 ΙΙ
1112 2257 1142 2289 6.
1176 2265 1241 2288 om.
1274 2253 1328 2288 M.
1363 2253 1398 2288 R
1419 2268 1426 2288 :
1448 2254 1495 2288 M.
1529 2253 1647 2288 cicero
1680 2265 1707 2287 s.
1735 2253 1768 2286 d.
1796 2264 1830 2296 p.

130 2297 256 2334 Festio
282 2298 306 2334 1.
333 2299 357 2335 f.
383 2311 550 2346 procons
578 2302 621 2336 in
648 2301 682 2336 G
706 2302 825 2336 codiee
851 2302 998 2346 plenior
1028 2305 1127 2336 extat
1157 2302 1269 2335 indeoe
1299 2301 1403 2336 hice:
1425 2301 1449 2335 Ι.
1480 2300 1518 2342 Q.
1547 2299 1717 2335 metellus
1744 2311 1776 2343 q.
1804 2300 1827 2332 f.

131 2345 229 2380 celer
264 2347 463 2392 proconsul
489 2359 515 2382 S.
545 2348 578 2382 d.
605 2360 652 2383 m.
679 2349 706 2382 t.
733 2347 893 2383 ciceroni
925 2351 936 2391 ΙΙ
967 2348 1010 2382 II.
1044 2348 1092 2383 M.
1127 2347 1257 2382 tullius
1288 2359 1335 2382 m.
1363 2347 1387 2382 f.
1415 2347 1533 2382 cicero
1566 2347 1695 2391 quinto
1734 2345 1829 2379 furio

131 2393 242 2428 celeri
267 2395 466 2439 proconsul
484 2396 576 2440 (sie).
604 2395 636 2429 si
656 2396 697 2429 tu
716 2398 727 2441 ΙΙ
746 2396 806 2430 HI.
830 2395 870 2436 Q.
892 2395 1064 2430 metellus
1084 2406 1199 2439 nepos
1226 2394 1385 2428 salutem
1412 2394 1505 2429 dicit
1528 2405 1575 2429 m.
1597 2405 1626 2429 c.
1647 2393 1821 2436 hominis

130 2440 210 2476 ΗΠ.
237 2441 286 2476 M.
313 2441 445 2476 tullius
477 2442 597 2478 cicero
625 2455 650 2477 S.
681 2443 713 2477 d.
742 2455 775 2486 q.
802 2442 953 2477 metello
989 2441 1131 2477 consuli
1166 2442 1314 2476 litterae
1345 2443 1356 2485 ΙΙ
1387 2441 1429 2475 V.
1457 2442 1504 2476 M.
1532 2441 1650 2475 cicero
1684 2452 1709 2474 s.
1738 2440 1771 2474 d.
1799 2451 1828 2474 c.

132 2487 284 2523 antonio
317 2501 364 2524 m.
392 2489 417 2525 f.
444 2489 670 2535 imperatori.
706 2489 776 2524 etsi
807 2492 818 2534 ΙΙ
847 2490 906 2524 VI.
940 2490 987 2524 M.
1023 2489 1141 2524 cicero
1175 2501 1201 2523 s.
1229 2489 1262 2523 d.
1295 2487 1446 2533 publico
1486 2490 1564 2532 (sic)
1601 2487 1715 2522 sostio
1752 2488 1830 2530 (sic)

131 2533 229 2570 lucio
266 2535 363 2572 furio
402 2537 616 2582 proconsuli
647 2539 658 2581 ΙΙ
686 2537 762 2571 VII.
796 2537 944 2571 Marcus
978 2536 1108 2570 tullius
1134 2548 1180 2570 m.
1209 2535 1231 2570 f.
1260 2547 1287 2570 c.
1317 2549 1343 2570 s.
1372 2535 1405 2569 d.
1433 2547 1491 2579 gn.
1519 2534 1690 2579 pompeio
1716 2546 1776 2578 gg.
1804 2534 1826 2568 f.

130 2593 267 2628 magno
298 2583 527 2629 imperatori.
557 2596 583 2619 s.
611 2586 636 2619 t.
665 2595 693 2619 e.
722 2596 754 2628 q.
782 2596 814 2618 v.
843 2596 868 2618 r.
903 2586 996 2628 (sup.
1023 2596 1040 2617 1·
1065 2596 1087 2618 α
1113 2595 1155 2617 m.
1185 2583 1258 2627 eb)
1290 2595 1320 2616 c.
1348 2593 1392 2616 ex
1417 2582 1553 2616 litteris
1579 2581 1653 2616 tuis
1690 2583 1702 2626 ΙΙ
1732 2580 1827 2615 VIII.

130 2631 232 2673 (haee
255 2635 344 2666 nota
368 2643 466 2667 num.
494 2632 622 2677 erasa).
660 2631 709 2666 M.
744 2631 862 2666 cicero
898 2642 1022 2665 marco
1055 2630 1180 2665 licinio
1206 2642 1240 2674 p.
1268 2630 1418 2664 ficrasso
1445 2631 1535 2673 (sic).
1575 2630 1762 2680 quantum.
1782 2627 1828 2680 ud

131 2687 255 2712 meum
281 2679 293 2723 ΙΙ
318 2677 429 2714 VIIII.
457 2679 632 2714 Vatinius
659 2678 863 2723 imperator
888 2677 1047 2712 ciceroni
1073 2689 1138 2711 suo
1164 2678 1242 2722 (hoc
1270 2689 1297 2712 r.
1319 2679 1423 2720 eras.)
1450 2687 1515 2710 ⁴suo
1543 2676 1700 2710 salutem
1727 2675 1828 2709 d1c1t.

132 2724 164 2758 si
189 2725 295 2760 uales
322 2726 400 2771 (hoc
425 2727 553 2762 lemma
578 2728 618 2761 in
643 2737 711 2771 my.
737 2738 760 2760 α
789 2725 856 2769 (1¹²⁵)
887 2728 899 2769 ΙΙ
931 2725 972 2759 X.
999 2724 1172 2759 Uatinius
1204 2723 1363 2758 ciceroni
1392 2735 1456 2757 suo
1484 2723 1652 2758 salutem.
1681 2735 1707 2757 s.
1734 2733 1767 2757 V.
1794 2722 1828 2756 h.

132 2781 162 2806 e.
189 2783 223 2816 q.
249 2784 284 2808 v.
303 2776 315 2816 ΙΙ
334 2773 394 2809 XI.
421 2773 469 2809 M.
498 2773 616 2808 cicero
642 2772 786 2806 uatinio
813 2771 1058 2817 imperatorin
1079 2773 1111 2815 (1
1141 2772 1210 2806 litt.
1236 2773 1298 2814 er.)
1326 2770 1494 2804 salutem.
1523 2772 1631 2814 grata
1649 2771 1660 2813 Η
1680 2769 1756 2804 XII.
1780 2769 1828 2804 M.

132 2818 252 2854 cicero
279 2819 440 2856 salutem
466 2820 559 2854 dicit
583 2819 681 2854 lucio
707 2819 848 2854 lucceio
875 2819 1005 2863 quinto
1032 2817 1138 2852 furio.
1167 2829 1290 2853 coram
1310 2820 1321 2861 ΙΙ
1340 2817 1434 2852 XIII.
1462 2817 1510 2851 M.
1532 2817 1650 2851 cicero
1672 2816 1830 2850 salutem

132 2865 166 2901 d.
193 2865 292 2902 lucio
317 2867 438 2903 luceio
465 2867 595 2912 quinto
623 2865 736 2901 fabio.
764 2877 922 2910 usquam
947 2868 958 2909 Η
984 2869 1014 2900 9.
1042 2865 1174 2899 benest
1199 2865 1253 2907 M,
1279 2865 1373 2900 bene
1399 2865 1456 2898 cst
1483 2864 1554 2899 GR
1579 2867 1590 2908 Η
1617 2867 1670 2898 10.
1699 2863 1828 2897 absen-

131 2914 208 2948 tem
235 2914 280 2959 G,
307 2914 462 2950 absente
490 2914 579 2949 MR.
620 2913 814 2948 absentem
842 2912 957 2959 (me)
987 2913 1111 2956 Orelli,
1137 2912 1329 2946 absentem
1356 2911 1442 2958 <me
1469 2922 1491 2945 a
1515 2911 1580 2956 te>
1614 2911 1831 2955 Wesenbery,

133 2957 200 2995 albe
230 2962 269 2996 te
306 2973 364 2997 me
398 2963 523 3008 Kleyn
555 2963 608 3006 (22.
631 2962 689 3003 31)
726 2965 758 2994 et
792 2960 895 2995 Cobnh
928 2959 1115 3004 (Mnemos.
1142 2959 1236 2993 VIII.
1266 2962 1366 2994 1880.
1395 2961 1554 3004 ]›.184)‚
1593 2968 1650 2991 mc
1688 2957 1755 2992 abs
1794 2959 1829 2990 te

133 3007 310 3044 Maioener
348 3009 403 3053 (Z.
434 3010 461 3053 f.
493 3012 615 3044 o'sterr.
651 3008 781 3052 Gymn.
808 3006 879 3041 XL.
909 3010 1009 3041 1889.
1039 3018 1077 3051 p.
1104 3008 1208 3051 386),
1247 3006 1391 3041 Metello
1429 3016 1546 3039 onmes
1583 3006 1742 3049 erepturi
1779 3006 1830 3045 id,

134 3056 229 3100 quod
252 3067 297 3091 ne
325 3056 491 3092 Ciceroni
516 3057 659 3101 quidem
689 3055 861 3099 cIeneyari
887 3058 1012 3098 potest.
1051 3056 1098 3096 cs.
1125 3054 1156 3088 Ι.
1178 3053 1227 3088 H.
1249 3053 1412 3088 Schmulz
1445 3053 1552 3087 ‘iiber
1581 3053 1652 3086 den
1677 3052 1829 3096 Sprach-

132 3102 313 3193 'tglbg'lffuch
337 3104 372 3138 d.
398 3103 506 3183 Aslez.
534 3101 906 3184 Polliod'R(IIsIonachii
934 3102 1039 3145 1890)
1060 3112 1098 3145 1).
1121 3104 1165 3134 33
1179 3111 1228 3145 sq.
1261 3102 1273 3145 ΙΙ
1305 3100 1423 3134 lusum
1451 3099 1486 3134 R
1515 3101 1527 3144 ΙΙ
1560 3102 1613 3134 14.
1642 3098 1829 3135 subleuari

258 3159 281 3183 a
305 3160 378 3193 quo
404 3161 468 3194 qui
497 3160 555 3184 em
581 3162 627 3184 m.

205 3213 268 3239 Cle.
289 3210 700 3246 e'p.e‹1.Mendelssohn.
1529 3208 1547 3239 7
