2242 3496
552 206 891 241 EPISTVLARVM
919 206 1012 241 XIII.
1040 209 1095 240 69.
1125 209 1178 240 70.
1207 209 1262 240 71.
1291 208 1344 240 72.
1374 208 1428 239 73.
1751 204 1832 245 381

137 315 384 356 domesticis
418 319 461 355 et
494 315 681 355 maxime
714 315 976 356 necessariis.
1035 316 1284 369 pergratum
1323 312 1430 353 mihi
1462 311 1633 365 feceris,
1672 312 1707 352 si
1741 326 1837 352 eum

136 386 200 427 ita
232 385 452 439 tractaris,
494 388 542 426 ut
577 385 802 441 intellegat
840 384 949 427 hanc
989 384 1404 426 commendationem
1443 382 1525 424 sibi
1564 396 1721 437 magno
1760 397 1838 422 usu

143 459 273 511 atque
306 456 553 497 adiumento
586 456 729 498 fuisse.

812 537 985 579 LXXII.
1029 536 1166 595 (268.)

441 644 495 685 M.
524 643 734 686 CICERO
769 644 813 685 P.
847 643 1117 686 SERVILIO
1154 642 1463 685 COLLEGAE
1499 641 1538 684 s

259 749 506 806 Caerelliae,
531 750 796 792 necessariae
818 764 948 803 meae,
970 765 1070 802 rem,
1095 749 1282 803 nomina,
1310 749 1604 803 possessiones
1625 747 1840 789 Asiaticas

140 821 435 864 commendavi
468 821 549 862 tibi
582 835 785 875 praesens
818 821 859 861 in
894 820 1033 862 hortis
1066 820 1152 861 tuis
1187 835 1315 875 quam
1348 819 1468 873 potui
1500 818 1842 875 diligentissime,

140 895 272 946 tuque
317 891 423 933 mihi
469 906 546 946 pro
592 895 667 932 tua
720 891 1027 932 consuetudine
1077 905 1240 944 proque
1291 890 1377 931 tuis
1422 890 1466 930 in
1510 904 1576 930 me
1622 887 1841 943 perpetuis

139 962 423 1017 maximisque
458 962 612 1004 officiis
645 961 790 1003 omnia
827 964 869 1002 te
908 960 1123 1003 facturum
1163 959 1462 1002 liberalissime
1501 958 1720 1014 recepisti:
1759 972 1842 999 me-

87 1047 120 1072 ιο
140 1032 315 1075 minisse
347 1036 390 1074 te
421 1032 463 1073 id
498 1047 622 1087 spero
655 1056 714 1062 —
746 1032 834 1073 scio
867 1031 982 1073 enim
1021 1032 1157 1073 solere
1193 1049 1265 1086 —3
1309 1030 1382 1072 sed
1421 1033 1566 1072 tamen
1604 1028 1837 1072 Caerelliae

138 1106 440 1159 procuratores
475 1102 740 1158 scripserunt
773 1106 814 1144 te
846 1105 1023 1157 propter
1055 1102 1398 1158 magnitudinem
1424 1101 1669 1156 provinciae
1696 1099 1839 1141 multi-

139 1174 415 1229 tudinemque
447 1174 722 1229 negotiorum
755 1173 886 1215 etiam
919 1176 1047 1228 atque
1081 1173 1212 1214 etiam
1239 1187 1332 1215 esse
1359 1171 1836 1214 commonefaciendum.

138 1249 241 1300 peto
268 1245 421 1300 igilmr,
454 1247 502 1286 ut
535 1244 779 1286 memineris
813 1247 856 1285 te
890 1244 1046 1298 omnia,
1083 1259 1190 1299 quae
1224 1247 1300 1285 tua
1331 1244 1435 1285 fides
1469 1245 1700 1298 pateretur,
1732 1241 1838 1282 mihi

142 1316 360 1359 cumulate
393 1316 614 1370 recepisse.
672 1315 868 1370 equidem
907 1315 1105 1357 existimo
1147 1315 1304 1357 habere
1343 1317 1385 1356 te
1424 1328 1621 1368 magnam
1663 1313 1841 1355 facultar

87 1399 119 1426 15
140 1391 229 1429 tem
256 1411 309 1417 —
340 1387 412 1429 sed
443 1387 526 1429 hoc
559 1386 623 1427 tui
656 1389 721 1428 est
754 1386 923 1428 consilii
961 1389 1003 1427 et
1039 1385 1187 1428 iudicii
1221 1411 1274 1415 —
1309 1401 1359 1427 ex
1397 1399 1446 1427 eo
1485 1399 1515 1426 s.
1549 1399 1599 1437 c.,
1643 1383 1757 1438 quod
1795 1383 1841 1424 in

137 1458 316 1500 heredes
344 1455 388 1499 C.
416 1457 632 1499 Vennonii
665 1457 830 1499 factum
861 1460 941 1512 est,
973 1455 1207 1499 Caerelliae
1241 1456 1556 1498 commodandi:
1588 1455 1632 1496 id
1665 1457 1839 1496 senatus

139 1529 386 1571 consultum
412 1531 461 1569 tu
487 1528 826 1582 interpretabere
852 1543 930 1583 pro
958 1531 1033 1569 tua
1059 1527 1289 1582 sapientia3
1316 1527 1404 1568 scio
1426 1527 1540 1568 enim
1560 1525 1651 1567 eius
1678 1525 1840 1567 ordinis

139 1600 444 1642 auctoritatem
478 1596 646 1653 semper
679 1602 782 1653 aput
814 1602 856 1640 te
889 1599 1035 1654 magni
1068 1598 1212 1640 fuisse.
1270 1598 1383 1652 quod
1415 1598 1624 1638 relicuum
1656 1599 1739 1650 est,
1778 1596 1840 1638 sic

140 1670 269 1712 velim
319 1670 556 1724 existimes,
608 1670 948 1724 quibuscumque
997 1669 1124 1711 rebus
1170 1667 1402 1711 Caerelliae
1446 1668 1630 1723 benigne
1675 1667 1841 1722 feceris,

85 1755 120 1779 20
140 1740 248 1783 mihi
283 1744 326 1783 te
358 1741 657 1797 gratissimum
689 1755 781 1783 esse
812 1740 1037 1783 facturum.

815 1892 1010 1935 LXXIII.
1056 1892 1164 1948 (15.)

480 1999 537 2041 M.
565 1998 777 2042 CICERO
810 1999 856 2049 0.
884 1998 1158 2042 PHILIPPO
1190 1996 1424 2041 PRocos.
1458 1997 1498 2040 s,

255 2105 462 2149 Gratulor
493 2107 593 2158 tibi,
635 2107 748 2161 quod
782 2121 832 2148 ex
863 2107 1084 2162 provincia
1116 2106 1283 2147 salvum
1314 2108 1357 2146 te
1397 2105 1448 2146 ad
1487 2107 1586 2146 tuos
1626 2102 1839 2158 recepisti,

137 2177 343 2219 incolumi
375 2176 490 2218 fama
522 2180 565 2218 et
593 2192 638 2218 re
664 2193 703 2232 p.
760 2177 875 2232 quod
901 2177 938 2218 si
964 2176 1126 2218 Romae
1152 2176 1344 2230 fuissem,
1375 2178 1418 2216 te
1444 2175 1648 2216 vidissem
1677 2188 1837 2216 coram-

84 2264 118 2290 25
138 2262 219 2302 que
251 2247 414 2303 gratias
448 2248 650 2303 egissem,
692 2248 806 2302 quod
837 2247 919 2288 tibi
951 2246 996 2287 L.
1022 2246 1257 2302 Egnatius,
1295 2245 1662 2287 familiarissimus
1702 2259 1835 2299 meus,

138 2333 310 2373 apsens,
349 2317 395 2360 L.
423 2317 587 2374 Oppius
625 2332 828 2373 praesens
867 2332 991 2359 curae
1030 2317 1196 2359 fuisset.
1254 2332 1350 2359 cum
1382 2316 1616 2371 Antipatro
1649 2314 1837 2357 Derbete

136 2389 244 2431 mihi
273 2403 361 2431 non
393 2389 533 2430 solum
565 2388 818 2444 hospitium,
848 2402 995 2430 verum
1030 2388 1161 2430 etiam
1193 2402 1361 2430 summa
1391 2386 1667 2428 familiaritas
1700 2386 1834 2427 inter-

138 2460 266 2502 cedit:
310 2460 348 2502 ei
387 2463 430 2502 te
468 2463 689 2502 vementer
733 2459 1024 2501 suscensuisse
1063 2459 1206 2501 audivi
1244 2461 1287 2500 et
1330 2458 1511 2500 moleste
1553 2458 1646 2499 tuli.
1704 2457 1754 2498 de
1794 2471 1839 2497 re

136 2530 246 2571 nihil
279 2545 453 2585 possum
485 2531 692 2586 iudicare,
727 2531 812 2572 nisi
845 2531 949 2572 illud
983 2530 1088 2572 mihi
1119 2529 1374 2585 persuadeo,
1412 2532 1473 2584 te,
1511 2528 1644 2570 talem
1682 2528 1840 2582 virum,

85 2600 246 2643 sonihil
277 2603 437 2643 temere
469 2601 640 2657 fecisse,
677 2601 757 2655 (a)
789 2604 831 2643 te
864 2604 1009 2643 autem
1040 2616 1118 2656 pro
1150 2604 1294 2642 vetere
1331 2602 1482 2642 nostra
1517 2598 1834 2641 necessitudine

140 2670 270 2713 etiam
303 2674 431 2726 atque
464 2672 596 2713 etiam
626 2674 746 2726 peto,
783 2674 832 2712 ut
864 2671 954 2713 eius·
992 2671 1125 2727 filios,
1162 2671 1236 2726 qui
1272 2671 1318 2712 in
1354 2673 1431 2712 tua
1468 2672 1685 2725 potestate
1726 2671 1841 2722 sunt,

140 2742 246 2784 mihi
290 2741 568 2796 potissimum
612 2741 849 2795 condones,
893 2742 977 2783 nisi
1023 2742 1124 2796 quid
1169 2741 1391 2783 existimas
1432 2741 1477 2782 in
1515 2755 1565 2782 ea
1602 2754 1646 2782 re
1686 2739 1840 2781 violari

259 2873 291 2905 2.
319 2873 350 2904 3.
378 2868 451 2903 sibi
476 2879 612 2913 magno
645 2879 713 2902 usu
740 2867 838 2911 (usui
864 2868 945 2912 Me)
978 2869 1089 2912 atque
1115 2868 1175 2911 M,
1215 2867 1287 2902 sibi
1318 2879 1387 2902 usu
1420 2878 1557 2912 magno
1590 2868 1703 2911 atque
1730 2866 1811 2901 HD
1831 2867 1839 2876 '⁴

141 2920 173 2953 9.
198 2918 237 2952 te
262 2927 342 2952 esse
368 2916 553 2951 facturum
582 2916 650 2959 1111
671 2918 725 2950 10.
752 2916 787 2949 te
815 2914 853 2948 id
879 2915 934 2955 M,
960 2914 999 2948 id
1025 2916 1062 2949 te
1090 2915 1170 2949 HD
1188 2916 1199 2959 ΙΙ
1220 2918 1273 2950 14.
1301 2917 1337 2949 te
1363 2914 1501 2949 habere
1528 2914 1571 2948 Η
1587 2915 1599 2958 ΙΙ
1620 2917 1672 2948 15.
1700 2913 1771 2948 hoc
1790 2913 1839 2958 D,

139 2963 211 2999 hac
235 2963 326 2999 ΜΗ
352 2965 364 3008 ΙΙ
396 2967 450 2999 16.
477 2963 512 2998 C.
541 2975 605 2997 01η.
635 2962 704 3006 ΗΙΙ
731 2961 1016 2996 commendandi
1045 2963 1084 2996 Ψ
1109 2963 1120 3006 ΙΙ
1154 2965 1208 2997 18.
1234 2961 1419 3005 reliquum
1446 2961 1526 2995 HD
1556 2963 1568 3006 ΙΙ
1599 2964 1653 2995 19.
1680 2960 1841 3006 benigne

141 3010 271 3046 feceris
297 3011 358 3055 M,
396 3009 622 3046 benefeceris
649 3008 730 3043 HD
765 3010 776 3053 ΙΙ
814 3012 869 3044 20.
896 3008 1093 3044 facturum.
1140 3008 1226 3043 uale
1252 3009 1290 3043 D
1327 3011 1338 3051 ΙΙ
1376 3012 1431 3043 22.
1463 3008 1608 3043 Procos.
1641 3013 1841 3053 suspectum

140 3057 325 3094 Mawutio.
369 3059 416 3101 cf.
437 3058 549 3093 Hljlzl
575 3057 673 3098 ‘fast
690 3057 822 3100 praet.²
848 3067 884 3100 p.
907 3059 951 3089 94
970 3058 982 3101 ΙΙ
1001 3059 1056 3091 24.
1082 3055 1236 3090 fuissem
1255 3055 1346 3097 HD,
1371 3066 1437 3090 01η.
1458 3056 1507 3090 M
1521 3058 1532 3099 ΙΙ
1552 3058 1606 3091 27.
1627 3065 1702 3090 11011
1722 3054 1841 3090 solum

140 3101 234 3139 mihi
253 3103 457 3150 hospitium
483 3105 528 3139 H
542 3106 554 3150 ΙΙ
572 3107 628 3139 28.
650 3103 889 3138 uehementer
904 3102 988 3138 HD
1007 3105 1018 3148 ΙΙ
1037 3106 1092 3138 29.
1113 3102 1203 3149 nisi]
1224 3102 1296 3137 nisi
1316 3102 1471 3150 (quod)
1491 3103 1640 3138 Ernesti
1659 3104 1670 3148 ΙΙ
1689 3105 1744 3138 30.
1765 3113 1789 3137 a
1808 3113 1840 3147 ς,

141 3163 208 3187 mn.
238 3153 285 3196 Ψ,
311 3163 375 3188 nec
399 3156 519 3188 tamen
542 3151 686 3188 videtur
711 3151 829 3186 abesse
849 3160 966 3196 posse,
990 3154 1032 3186 ut
1056 3149 1118 3195 IX,
1145 3153 1178 3194 9,
1205 3154 1225 3184 2
1252 3149 1417 3195 (Dolab.)

1872 759 1885 788 1

1866 1253 1884 1283 ‘2
