2242 3542
86 980 118 1004 10

87 1334 119 1358 15

719 217 1055 252 El‘ls‘l'vr„A1WM
1085 218 1108 253 l.
1136 223 1166 253 6.
1197 222 1225 253 7.
1812 222 1837 261 9

139 330 183 369 et
215 327 390 381 cognita
430 326 634 379 scribere,
673 327 947 368 vehementer
986 327 1193 381 quosdam
1232 327 1427 368 homines
1461 332 1503 369 et
1536 344 1608 369 008
1642 330 1837 383 maxime,

139 398 211 452 qui
239 400 281 438 te
308 400 351 438 et
377 397 560 438 maxime
588 398 828 439 debuerunt
855 402 897 439 et
923 399 1156 453 plurimum
1186 399 1330 440 iuvare
1357 401 1602 453 potuerunt,
1635 400 1838 441 invidisse

139 468 343 523 dignitati
383 472 480 509 tuae
521 468 869 523 simillimamque
909 469 951 510 in
985 485 1029 511 re
1068 469 1267 511 dissimili
1306 470 1369 511 tui
1408 471 1614 524 temporis
1654 486 1765 513 nunc
1798 475 1840 513 et

139 537 277 581 nostri
322 540 536 594 quondam
576 539 706 581 fuisse
746 540 976 594 rationem,
1023 543 1086 594 ut,
1131 556 1238 594 quos
1282 544 1327 581 tu
1372 541 1431 582 rei
1470 541 1667 595 publicae
1713 557 1839 583 causa

140 610 343 663 laeseras,
381 609 522 664 palam
562 613 602 651 te
643 614 959 665 oppugnarent,
1002 626 1184 665 quorum
1223 612 1543 666 auctoritatem,
1582 612 1838 667 dignitatem

139 681 491 734 voluntatemque
530 680 798 734 defenderas,
836 697 921 722 non
962 685 1050 722 tam
1090 696 1300 723 memores
1339 686 1481 724 essent
1521 683 1695 724 virtutis
1728 686 1840 737 tuae,

138 766 267 806 quam
312 751 449 792 laudis
495 751 668 792 inimici.
733 766 816 805 quo
862 751 1032 806 quidem
1077 755 1290 807 tempore,
1335 756 1383 794 ut
1424 754 1654 808 perscripsi
1699 754 1750 795 ad
1798 757 1838 795 te

137 825 275 876 antea,
308 822 491 876 cognovi
516 820 798 863 Hortensium
825 822 1105 876 percupidum
1138 823 1215 877 tui,
1248 824 1490 866 studiosum
1517 825 1755 879 Lucullum,
1789 840 1838 866 ex

139 891 468 948 magistratibus
507 895 653 933 autem
685 891 732 932 L.
766 891 980 933 Racilium
1018 896 1060 933 et
1099 893 1180 933 fide
1214 897 1256 934 et
1289 894 1430 935 animo
1471 895 1699 950 singulari3
1740 911 1839 937 nam

137 966 288 1005 nostra
331 962 622 1017 propugnatio
663 976 711 1003 ac
756 961 946 1004 defensio
992 963 1219 1017 dignitatis
1264 967 1363 1005 tuae
1407 968 1585 1019 propter
1630 967 1839 1022 magnitu-

137 1034 280 1076 dinem
313 1033 510 1075 beneficii
548 1032 612 1074 tui
650 1032 835 1074 fortasse
868 1033 1083 1088 plerisque
1123 1033 1255 1075 officii
1294 1035 1501 1077 maiorem
1534 1038 1840 1079 auctoritatem

137 1105 296 1146 habere
323 1103 518 1145 videatur
545 1118 673 1158 quam
706 1103 954 1145 sententiae.
1015 1107 1238 1158 praeterea
1265 1105 1436 1159 quidem
1463 1107 1513 1147 de
1540 1108 1839 1149 consularibus
1863 1118 1868 1126 ‘

138 1175 301 1233 nemini
337 1189 513 1230 possum
553 1178 627 1216 aut
666 1175 797 1215 studii
836 1188 939 1229 erga
970 1177 1012 1215 te
1045 1178 1118 1216 aut
1152 1175 1283 1217 officii
1317 1180 1391 1217 aut
1424 1178 1550 1219 amici
1583 1178 1715 1219 animi
1748 1193 1840 1220 esse

139 1246 282 1288 testis:
316 1246 475 1288 etenim
502 1246 768 1300 Pompeium,
802 1246 874 1300 qui
906 1261 1074 1287 mecum
1108 1247 1358 1301 saepissime
1383 1262 1468 1289 11011
1497 1249 1637 1290 80111111
1663 1250 1745 1302 <a>
1774 1264 1840 1290 me

138 1320 416 1374 provocatus,
459 1317 532 1358 sed
571 1317 701 1358 etiam
747 1331 823 1358 sua
866 1320 1017 1371 sponte
1057 1318 1106 1359 de
1145 1320 1186 1359 te
1232 1319 1546 1361 communicare
1586 1320 1713 1374 solet,
1758 1321 1839 1362 8018

138 1389 405 1444 temporibus
450 1388 537 1429 illis
576 1403 662 1429 11011
708 1402 832 1442 saepe
872 1389 917 1429 in
956 1391 1106 1429 senatu
1151 1388 1301 1443 fuisse3
1347 1390 1414 1431 cui
1452 1389 1624 1444 quidem
1668 1391 1839 1432 litterae

139 1463 257 1513 tuae,
300 1474 404 1514 quas
443 1460 636 1513 proxime
670 1459 849 1500 miseras
885 1483 933 1488 ——
971 1459 1085 1513 q'uod
1116 1458 1240 1501 facile
1274 1460 1558 1502 intellexerim
1591 1486 1665 1514 ——‚
1703 1462 1841 1516 periu-

141 1530 301 1572 cundae
345 1530 530 1571 fuerunt.
599 1529 705 1571 mihi
748 1530 919 1584 quidem
961 1529 1208 1571 humanitas
1255 1534 1330 1572 tua
1371 1532 1439 1573 vel
1483 1546 1652 1573 summa
1694 1532 1841 1586 potius

84 1631 86 1633 »
143 1600 354 1655 sapientia
385 1615 471 1642 non
503 1600 685 1642 iucunda
712 1601 864 1654 solum,
896 1600 970 1642 sed
1002 1601 1134 1642 etiam
1161 1601 1429 1643 admirabilis
1462 1603 1554 1644 visa
1586 1606 1669 1657 est3
1703 1603 1842 1644 virum

88 1688 121 1712 ²0

86 2040 119 2066 25

85 2395 120 2421 30

142 1671 254 1713 enim
276 1671 554 1713 excellentem
581 1674 623 1712 et
649 1671 731 1712 tibi
757 1674 832 1712 tua
851 1671 1092 1725 praestanti
1118 1671 1164 1712 in
1190 1687 1287 1713 eum
1313 1672 1574 1715 liberalitate
1595 1674 1843 1716 devinctum

139 1742 336 1784 nonnihil
368 1742 661 1796 suspicantem
692 1744 871 1796 propter
897 1742 1140 1796 aliquorum
1174 1742 1421 1797 opinionem
1454 1759 1555 1785 suae
1589 1745 1842 1799 cupiditatis

140 1816 183 1854 te
216 1813 269 1854 ab
303 1827 347 1854 se
380 1812 673 1854 abalienatum
706 1812 780 1854 illa
811 1812 997 1867 epistola
1029 1813 1267 1868 retinuisti,
1300 1815 1373 1868 qui
1406 1815 1512 1856 mihi
1546 1830 1640 1857 cum
1677 1831 1844 1871 semper

140 1886 237 1925 tuae
281 1883 398 1925 laudi
442 1883 584 1925 favere
629 1883 746 1925 visus
792 1886 875 1935 est,
923 1883 1055 1925 etiam
1098 1884 1194 1939 ipso
1239 1885 1605 1939 suspiciosissimo
1650 1889 1843 1942 tempore

141 1953 394 2008 Caniniano,
434 1957 527 1996 tum
566 1970 666 1996 vero
704 1954 829 1996 lectis
862 1954 949 1996 tuis
988 1955 1148 1997 litteris
1186 1959 1435 2010 perspectus
1475 1959 1541 1998 est
1580 1972 1604 1998 a
1642 1973 1709 1999 me
1748 1961 1843 2000 toto

143 2025 286 2067 animo
325 2025 376 2066 de
415 2028 457 2067 te
496 2040 544 2067 ac
577 2027 627 2067 de
660 2026 748 2067 tuis
787 2026 1052 2068 ornamentis
1091 2029 1134 2067 et
1173 2027 1409 2068 commodis
1448 2028 1650 2083 cogitare.
1714 2044 1844 2084 quare

140 2111 207 2150 ea,
246 2111 354 2150 quae
388 2096 592 2150 scribam,
632 2096 693 2139 sic
724 2096 901 2149 habeto,
939 2111 1007 2138 me
1047 2112 1144 2139 cum
1175 2097 1250 2139 illo
1285 2112 1330 2139 re
1363 2112 1490 2152 saepe
1528 2102 1846 2141 communicata

140 2167 190 2208 de
216 2166 334 2208 illius
362 2167 415 2208 ad
441 2170 483 2209 te
511 2168 727 2209 sententia
753 2172 882 2222 atque
909 2168 1168 2210 auctoritate
1202 2169 1406 2227 scribere:
1440 2170 1643 2224 quoniam
1670 2173 1844 2212 senatus

139 2237 386 2279 consultum
404 2238 573 2279 nullum
600 2241 754 2294 exstat,
781 2253 865 2293 quo
886 2239 1078 2280 reductio
1106 2239 1221 2295 regis
1243 2239 1522 2282 Alexandrini
1543 2241 1625 2282 tibi
1645 2242 1845 2295 adempta
1883 2253 1889 2260 ·

140 2308 214 2363 sit,
252 2323 405 2363 eaque,
443 2323 552 2362 quae
585 2309 635 2350 de
669 2324 718 2350 ea
750 2309 913 2364 scripta
945 2312 1011 2351 est
1049 2310 1304 2365 auctoritas,
1345 2312 1412 2353 cui
1445 2311 1529 2354 8018
1562 2312 1845 2354 intercessum

140 2393 251 2433 esse,
289 2382 338 2420 ut
375 2394 428 2420 ne
468 2380 563 2434 quis
606 2380 781 2422 omnino
820 2395 967 2436 regem
999 2381 1238 2435 reduceret,
1281 2384 1448 2423 tantam
1486 2382 1573 2424 vim
1610 2383 1758 2437 habet,
1797 2386 1844 2424 ut

141 2449 279 2505 magis
317 2449 529 2491 iratorum
572 2450 796 2492 hominum
839 2450 1031 2493 studium
1076 2466 1205 2506 quam
1250 2453 1490 2494 constantis
1534 2456 1709 2494 senatus
1749 2468 1844 2495 con-

142 2519 286 2561 silium
319 2534 412 2562 esse
444 2521 657 2576 videatur,
699 2525 741 2563 te
773 2522 1014 2576 perspicere
1052 2537 1198 2577 posse,
1237 2523 1311 2577 qui
1344 2522 1537 2564 Ciliciam
1570 2523 1843 2578 Cyprumque

261 2638 291 2669 1.
319 2645 381 2669 eos
406 2635 568 2670 maxime
595 2637 655 2681 M,
691 2648 753 2672 eos
782 2638 852 2673 GR
873 2640 884 2679 ΙΙ
904 2641 935 2673 2.
964 2638 1028 2682 qui
1054 2638 1108 2684 te]
1130 2643 1213 2683 post
1237 2638 1251 2673 i
1276 2651 1353 2674 una
1380 2640 1447 2675 litt.
1474 2651 1578 2675 erasa
1603 2641 1644 2674 in
1670 2640 1732 2683 M,
1763 2641 1779 2674 t
1804 2641 1846 2675 in

141 2694 274 2718 rasura
292 2684 304 2724 n
323 2686 354 2716 4.
382 2682 530 2726 publice
559 2685 621 2727 M,
654 2684 826 2729 puplicae
856 2685 907 2728 G,
938 2698 973 2729 p.
1002 2686 1046 2720 R.
1074 2686 1175 2720 codd.
1205 2686 1277 2721 GR
1302 2687 1343 2720 in
1367 2687 1432 2721 hoc
1463 2688 1634 2722 vocabulo
1659 2688 1845 2722 scribendo

140 2730 334 2764 varietates
366 2730 524 2774 amplius
553 2741 627 2765 non
658 2733 884 2767 notabuntur
902 2735 913 2776 ΙΙ
934 2736 964 2766 5.
993 2732 1130 2767 leseras
1157 2735 1191 2766 ,Ω
1211 2735 1222 2775 ΙΙ
1243 2737 1274 2768 6.
1302 2732 1534 2768 immemores
1567 2735 1634 2768 aliz·
1659 2736 1669 2776 ΙΙ
1695 2733 1846 2768 uirtutis

140 2787 184 2811 ea:-
211 2777 282 2810 -tes
303 2776 369 2810 Mc
387 2778 398 2820 ΙΙ
424 2778 463 2811 in
489 2778 577 2810 tuae
603 2788 622 2811 e
649 2790 738 2813 corr.
760 2791 783 2812 a
803 2779 868 2812 Mc
895 2781 994 2818 (tuas
1020 2780 1065 2823 P)
1085 2781 1096 2823 ΙΙ
1126 2783 1179 2814 11.
1201 2779 1323 2814 officio
1349 2780 1531 2815 maiorum
1553 2783 1585 2814 ,Ω
1611 2780 1742 2823 (officii
1763 2793 1838 2815 ma-

142 2823 257 2858 iorem
283 2835 374 2859 corr.
395 2824 473 2868 Mr)
492 2826 504 2866 ll
525 2828 578 2858 13.
607 2825 730 2858 auficii
758 2825 833 2870 Μ’,
870 2825 983 2861 officii
1009 2838 1101 2861 corr.
1128 2827 1194 2861 Mr
1211 2829 1223 2871 ΙΙ
1244 2830 1297 2862 14.
1326 2827 1567 2872 saepissimae
1595 2828 1667 2870 Nn
1687 2840 1709 2861 a
1734 2839 1792 2863 me
1813 2840 1844 2872 ς,

142 2881 200 2904 me
227 2870 281 2913 M,
307 2882 372 2905 om.
398 2871 468 2905 GR
488 2874 499 2914 Η
521 2875 573 2906 15.
603 2882 669 2905 sua
695 2873 826 2916 sponte
849 2894 890 2897 —
913 2876 955 2906 16
995 2872 1033 2906 111
1059 2874 1191 2908 senatu
1217 2886 1282 2908 om.
1313 2875 1384 2909 GR
1403 2877 1414 2918 ΙΙ
1435 2879 1488 2909 17.
1512 2878 1565 2910 18.
1592 2874 1844 2919 periucundae

143 2917 308 2963 fuerunt]
333 2917 512 2962 periucun
533 2920 571 2961 (n
591 2930 681 2954 corr.
703 2931 746 2953 esc
765 2922 814 2964 m)
841 2919 1029 2954 defuerint
1048 2920 1104 2964 M,
1131 2931 1196 2965 per
1219 2920 1342 2956 iocum
1362 2921 1557 2965 defuerint,
1584 2926 1625 2956 ut
1653 2923 1738 2966 vid„
1767 2923 1844 2966 Me,

139 2972 372 3026 periu⁰cunda
397 2983 432 3027 (o
457 2995 479 3017 α
510 2985 542 3027 1)
578 2983 690 3017 fuerit
726 2985 774 3027 G,
813 2983 1036 3028 periocunde
1075 2984 1214 3019 fuerint
1238 2986 1274 3021 R
1305 2987 1317 3029 ΙΙ
1348 2990 1403 3020 20.
1433 2986 1476 3020 ‹le
1501 2988 1504 3026 Ι
1528 2985 1744 3020 deuinctum
1777 2988 1824 3021 ]1[

142 3032 197 3064 21.
226 3028 454 3073 opinionem,
483 3041 540 3064 em
565 3042 656 3065 corr.
685 3031 731 3065 M
737 3036 751 3052 ⁰
769 3033 781 3074 ΙΙ
801 3042 890 3065 suae
916 3032 1016 3077 cup]
1043 3031 1262 3076 cupiditatis
1289 3035 1351 3067 tue
1378 3034 1519 3075 1131122.
1546 3033 1582 3066 te
1603 3044 1640 3076 ς,
1675 3034 1762 3068 tuae
1790 3035 1843 3077 M,

143 3076 182 3110 et
200 3077 288 3110 tuae
310 3077 354 3119 G,
374 3088 440 3111 om.
462 3077 497 3112 R
516 3080 527 3121 ΙΙ
548 3082 602 3112 26.
625 3077 677 3111 sic
694 3079 774 3121 GR,
796 3078 828 3112 si
850 3079 894 3112 M
914 3081 926 3121 ΙΙ
945 3083 1000 3113 27.
1022 3080 1192 3113 senatum
1213 3080 1260 3113 M
1276 3081 1367 3123 (-tus
1382 3080 1428 3114 M
1434 3082 1459 3124 ¹')
1479 3081 1489 3123 ΙΙ
1510 3083 1564 3114 28.
1585 3079 1757 3115 consultu
1775 3082 1820 3115 M
1842 3086 1843 3095 ¹

144 3125 200 3157 29.
228 3122 304 3157 sint
330 3123 377 3156 M
391 3126 402 3166 ΙΙ
422 3123 467 3158 (10
500 3135 545 3159 ea
577 3124 671 3171 (re)
709 3125 846 3170 scripta
878 3126 935 3159 est
965 3127 1100 3161 conieci
1131 3139 1217 3161 amz.
1247 3128 1336 3171 phil.
1367 3130 1454 3160 1891
1478 3139 1516 3171 p.
1544 3130 1587 3161 67
1607 3129 1619 3169 11
1637 3127 1843 3172 perscripta

153 3168 362 3217 Wesenbery
381 3173 393 3215 ΙΙ
412 3174 466 3208 31,
489 3176 545 3206 32.
565 3172 774 3208 consultum
798 3174 830 3208 G
849 3175 860 3218 ΙΙ
880 3176 935 3208 32.
956 3172 1163 3220 perspicere
1184 3174 1240 3217 M,
1266 3174 1439 3221 perficere
1462 3175 1505 3218 G,
1532 3173 1705 3209 uideatur
1725 3175 1760 3213 R
