2242 3496
691 213 1027 251 EPIS'J‘VLARVM
1055 216 1111 252 IV.
1141 221 1169 252 4.
1199 219 1228 252 ε’».
1752 217 1798 259 91

115 320 204 366 otio
237 320 452 377 privatim,
485 323 597 376 quod
631 327 723 365 erat
756 339 884 365 unuln
920 326 1120 367 solatium
1156 327 1197 367 iu
1232 325 1376 377 malis3
1409 325 1479 366 sed
1515 329 1676 379 tannen,
1711 343 1807 380 qno-

115 394 229 436 niam
261 393 390 448 effugi
419 393 509 434 eius
538 394 826 448 offensionem,
860 396 931 449 qui
966 398 1149 438 fortasse
1178 398 1464 438 arbitraretur
1492 412 1557 438 me
1584 397 1691 438 lianc
1722 413 1805 437 ιϊιιι

115 463 332 520 publicam
363 477 449 504 non
482 466 652 517 putare,
690 465 724 505 si
758 470 964 520 perpetuo
998 471 1203 521 tacerem,
1242 468 1403 509 modice
1437 468 1517 509 hoc
1550 468 1701 508 faciam
1737 473 1810 508 ant

116 534 246 576 etiam
277 534 393 575 intra
425 534 617 588 modum,
659 538 707 575 ut
738 538 781 575 et
814 536 929 577 illius
964 538 1175 578 voluntati
1209 543 1251 579 et
1284 539 1389 579 meis
1423 538 1576 579 studiis
1610 539 1809 579 serviam:

79 617 234 658 snam,
277 604 359 645 etsi
399 620 423 646 a
461 604 601 659 prima
646 607 786 646 aetate
829 621 894 646 me
934 608 1072 648 omnis
1111 623 1178 649 ars
1218 612 1261 649 et
1300 609 1495 650 doctrina
1540 608 1730 649 lilwralis
1769 612 1810 648 et

115 675 300 717 maxime
339 674 616 730 philosophia
654 675 902 730 delectavit,
946 681 1089 718 tamen
1128 678 1207 719 hoc
1245 680 1432 720 studium
1477 679 1632 720 cotidie
1675 679 1810 733 ingra-

116 746 269 801 vescit,
309 746 435 788 credo
467 748 511 787 et
543 745 698 786 aetatis
733 747 981 788 maturitate
1015 749 1065 788 ad
1099 750 1368 802 prudentiam
1402 753 1443 789 et
1476 750 1535 790 vis
1570 753 1809 803 temporum

116 817 247 871 vitiis,
272 820 322 858 ut
346 817 466 858 nulla
492 830 559 857 res
587 816 671 857 alia
697 816 836 857 levare
864 817 1056 858 animum
1085 820 1293 860 molestiis
1323 821 1475 874 possit,
1507 836 1531 860 a
1558 835 1641 873 qno
1669 820 1810 860 studio
1838 832 1857 858 s.

117 891 159 929 te
191 887 345 930 abduci
375 887 564 943 negotiis
596 887 804 941 intellego
839 902 888 928 cx
921 889 1007 929 tuis
1041 888 1219 941 litteris,
1253 891 1323 930 sod
1358 897 1501 931 tamen
1533 890 1693 944 aliquid
1729 891 1811 931 iam

65 971 98 996 1⁰
115 961 265 1001 noctes
304 961 346 1000 te
385 957 661 1000 adiuvabunt.
721 956 893 999 Servius
934 961 1032 999 tuus
1073 959 1135 1000 vel
1177 960 1319 1013 potius
1359 964 1503 1001 noster
1542 975 1709 1001 snnnna
1747 976 1812 1001 nie

117 1029 392 1072 observantia
424 1029 540 1082 colit,
574 1028 694 1070 cuius
727 1042 807 1083 ego
841 1043 936 1070 cuin
971 1030 1085 1070 omni
1120 1031 1335 1084 probitate
1366 1046 1614 1084 summaque
1642 1031 1813 1079 virtute,

117 1103 211 1142 tum
243 1100 398 1143 studiis
431 1100 711 1154 doctrinaque
739 1099 939 1141 delector.
990 1100 1026 1141 is
1060 1115 1223 1142 mecum
1253 1116 1378 1156 saepe
1411 1102 1460 1142 de
1494 1105 1567 1142 tna
1595 1102 1812 1143 mansione

117 1174 194 1214 aut
224 1171 472 1213 decessione
511 1170 817 1212 communicat:
857 1170 992 1211 adhuc
1032 1171 1073 1211 in
1113 1171 1192 1212 hac
1232 1187 1326 1212 sum
1359 1172 1588 1226 sententia,
1626 1172 1734 1213 nihil
1769 1176 1814 1212 nt

118 1241 346 1297 faciamus,
382 1242 468 1283 nisi
501 1241 616 1296 quod
648 1241 832 1282 maxime
866 1240 1023 1282 Caesar
1063 1241 1169 1282 velle
1202 1242 1406 1283 videatur.
1464 1257 1529 1283 res
1572 1246 1671 1283 sunt
1710 1243 1814 1283 eius-

70 1323 102 1350 15
120 1313 249 1369 modi,
278 1316 341 1368 ut,
374 1312 410 1354 si
442 1312 607 1354 Romae
640 1312 712 1366 sis,
742 1311 852 1352 nihil
884 1314 1053 1366 praeter
1085 1314 1182 1353 tuos
1215 1313 1423 1354 delectare
1455 1314 1609 1367 possit,
1641 1314 1690 1354 de
1724 1313 1815 1354 reli-

118 1384 232 1440 quis,
268 1383 378 1426 nihil
418 1382 571 1425 melius
609 1382 704 1437 ipso
744 1385 810 1423 est
849 1380 1045 1436 Caesare,
1088 1385 1229 1424 cetera
1267 1387 1366 1424 sunt
1405 1383 1632 1436 eiusmodi,
1676 1387 1740 1436 ut,
1779 1384 1814 1424 si

118 1456 303 1498 alterum
346 1457 492 1496 utrum
536 1468 710 1496 necesse
755 1453 833 1507 sit,
884 1453 1029 1494 audire
1074 1468 1122 1494 ea
1166 1454 1291 1494 malis
1344 1468 1471 1507 quam
1523 1454 1672 1495 videre.
1735 1455 1815 1495 hoc

116 1529 316 1569 nostrum
347 1525 575 1568 consilium
606 1525 733 1566 nobis
766 1525 941 1565 minime
974 1524 1204 1565 iucundum
1237 1527 1319 1578 est,
1353 1524 1423 1578 qui
1456 1527 1498 1564 te
1533 1525 1670 1565 videre
1704 1525 1815 1578 cupi-

119 1612 227 1653 mus,
259 1597 332 1639 sed
365 1596 628 1638 consulimus
661 1595 753 1636 tibi.
808 1595 912 1636 vale.

70 1730 105 1756 20
856 1718 905 1760 v.
957 1716 1091 1773 (289.)

657 1811 908 1856 SERVIVS
943 1811 1223 1855 CICERONI
1258 1811 1296 1853 S

238 1909 398 1952 Postea
429 1924 559 1964 quam
585 1909 692 1950 mihi
725 1908 1019 1950 renuntiatum
1046 1910 1112 1948 est
1138 1907 1187 1947 de
1216 1907 1337 1948 obitu
1363 1906 1539 1960 Tulliae,
1571 1907 1683 1947 filiae
1711 1909 1818 1960 tuae,

121 1996 222 2024 sane
255 1995 384 2036 quam
416 1995 495 2036 pro
528 1994 578 2022 eo
611 1994 660 2022 ac
691 1979 819 2021 debui
851 1979 1042 2034 graviter
1069 1977 1333 2031 molesteque
1361 1977 1441 2017 tuli
1468 1991 1818 2030 communemque

121 2067 216 2095 eam
247 2051 542 2094 calamitatem
574 2051 837 2104 existimavi,
869 2050 960 2104 qui,
991 2049 1025 2089 si
1061 2048 1158 2089 istic
1191 2048 1441 2101 adfuissem,
1472 2062 1610 2101 neque
1642 2047 1721 2087 tibi
1754 2048 1819 2088 de-

69 2137 104 2162 25
121 2123 301 2165 fuissem
334 2137 564 2177 coramque
600 2137 744 2164 meum
776 2121 967 2163 dolorem
1001 2119 1081 2160 tibi
1114 2119 1408 2160 declarassem.
1459 2118 1540 2158 etsi
1573 2131 1706 2172 genus
1738 2117 1818 2158 hoc·

122 2193 431 2237 consolationis
464 2193 669 2235 miserum
703 2195 832 2247 atque
865 2191 1066 2233 acerbum
1101 2192 1178 2244 est,
1210 2191 1437 2244 propterea
1469 2188 1579 2242 quia,
1612 2202 1687 2241 per
1714 2201 1818 2241 quos

122 2280 172 2308 ea
216 2265 391 2308 confieri
429 2265 556 2306 debet
593 2264 860 2319 propinquos
905 2277 952 2303 ac
995 2259 1239 2313 familiaris,
1277 2259 1315 2300 ei
1361 2258 1442 2313 ipsi
1490 2258 1581 2312 pari
1621 2258 1818 2299 molestia

122 2336 383 2379 adficiuntur
413 2349 551 2389 neque
585 2334 676 2376 sine
708 2333 899 2375 lacrimis
926 2332 1074 2373 multis
1108 2331 1150 2372 id
1183 2329 1327 2372 conari
1360 2331 1552 2383 possunt,
1585 2329 1646 2368 uti
1680 2328 1817 2382 magis

121 2407 207 2462 ipsi
238 2406 466 2449 videantur
497 2405 682 2447 aliorum
715 2403 1010 2446 consolatione
1042 2401 1233 2456 indigere
1267 2415 1394 2453 quam
1421 2399 1516 2439 aliis
1543 2413 1668 2451 posse
1695 2413 1817 2439 sunm

241 2537 271 2568 1.
306 2532 372 2568 sed
401 2533 529 2567 tamen
547 2554 580 2557 —
604 2535 635 2566 4.
665 2530 823 2565 serviam
855 2529 975 2572 adfert
1008 2528 1098 2562 (r'ell.
1125 2539 1160 2562 u.
1188 2539 1220 2560 (ι.
1247 2526 1324 2569 XII,
1347 2529 1400 2568 13,
1422 2529 1465 2558 22
1494 2530 1516 2559 Ι.
1544 2525 1574 2558 II
1602 2537 1634 2568 μ.
1659 2528 1716 2557 121
1746 2524 1793 2558 Il.

122 2584 154 2616 2.
176 2580 432 2626 offensionem]
460 2579 691 2614 occasionem
716 2579 801 2612 libri
822 2577 985 2612 Gelliam
1004 2577 1015 2618 11
1036 2578 1065 2608 7.
1088 2574 1157 2619 eis]
1180 2573 1225 2607 iis
1248 2574 1468 2617 leenberffi
1493 2571 1550 2605 hi>-
1570 2573 1603 2605 Ω
1622 2573 1633 2615 11
1657 2576 1706 2604 12.
1724 2570 1817 2615 tuln}

121 2648 211 2681 tunc
236 2646 386 2690 ,Ω111ῦιιει
411 2656 456 2680 eoe
479 2646 584 2679 tuam
611 2644 682 2687 M¹‚
709 2647 749 2676 ut
774 2642 846 2676 rid.
872 2643 883 2685 11
910 2644 962 2673 13.
992 2630 1207 2681 suffossione,
1234 2651 1250 2670 s
1277 2650 1300 2671 α
1319 2649 1362 2672 m.
1389 2642 1417 2680 1,
1444 2636 1480 2671 R
1499 2638 1510 2679 11
1538 2639 1589 2669 14,
1615 2639 1665 2668 ιε’),
1695 2634 1818 2667 hnins-

122 2693 225 2728 modi
246 2693 318 2729 GR
337 2694 349 2737 11
370 2695 422 2727 15.
449 2691 545 2726 nihil
565 2692 648 2734 GR,
674 2688 753 2724 nihi
775 2688 827 2722 M.
854 2689 891 2721 te
918 2700 941 2719 a
966 2687 1088 2720 inultis
1114 2686 1279 2720 additum
1307 2688 1396 2718 recte
1422 2687 1631 2727 respuerunt
1656 2683 1690 2716 (¹.
1707 2682 1818 2716 Ι”.11’.

124 2740 262 2776 Mamer
286 2739 374 2785 (Oia.
401 2750 456 2784 op.
484 2744 508 2774 t.
534 2738 577 2781 II,
599 2742 619 2771 3
647 2738 695 2771 acl
716 2748 754 2780 q).
776 2738 855 2778 264,
878 2739 936 2777 10)
963 2738 993 2768 el
1019 2734 1205 2767 Lehmann
1233 2733 1286 2775 (J).
1309 2734 1350 2764 16
1365 2732 1430 2774 sq.)
1455 2732 1466 2773 11
1492 2729 1608 2774 possis
1630 2729 1674 2770 R,
1703 2727 1820 2772 possit

123 2799 168 2824 ex
191 2786 314 2833 possis
340 2786 400 2821 Μι
431 2788 444 2831 11
476 2790 530 2820 16.
557 2794 683 2820 cesare
709 2783 765 2825 R,
792 2792 916 2816 cesare
943 2782 980 2814 et
1007 2780 1056 2822 G,
1083 2778 1196 2813 ceteri
1223 2780 1260 2812 et
1286 2778 1345 2821 M,
1373 2778 1438 2812 del.
1466 2777 1640 2811 Strui-lm·
1664 2787 1716 2819 (μ
1741 2777 1820 2817 149)

123 2839 158 2870 et
181 2835 278 2870 Boot
301 2835 356 2879 (p.
378 2836 431 2878 8),
466 2834 609 2867 iniuria
637 2834 727 2875 puto
758 2831 770 2872 11
803 2830 888 2861 sunt
921 2827 1009 2870 GR,
1043 2838 1107 2861 om.
1136 2826 1196 2868 M,
1226 2829 1408 2869 potestque
1439 2835 1477 2857 eo
1508 2824 1623 2857 earm-i
1653 2824 1664 2865 11
1696 2821 1818 2855 huius-

124 2881 227 2917 modi
253 2881 391 2926 61117.
420 2879 641 2915 alterutrum
669 2878 700 2913 G
720 2878 732 2920 11
752 2886 796 2910 ea
824 2875 895 2910 GR.
923 2875 999 2916 MC,
1024 2884 1046 2906 a
1072 2872 1130 2907 M*
1151 2874 1236 2916 1121.
1265 2871 1405 2906 seruilis
1437 2870 1491 2912 M,
1521 2868 1690 2903 Seruilius
1717 2869 1763 2909 R,
1789 2873 1818 2902 e!

125 2940 169 2964 ea:
194 2927 376 2963 seruiolus
397 2927 447 2963 G¹
466 2929 478 2972 11
498 2930 553 2961 22.
581 2924 757 2960 imitando
782 2923 876 2956 hanc
901 2920 1285 2956 consolationem—(le
1312 2923 1382 2952 tolo
1407 2928 1529 2963 syenem·
1558 2929 1585 2950 r.
1609 2917 1644 2950 G.
1662 2916 1820 2950 Rem-esch.

125 2976 249 3021 Leipz.
271 2975 374 3011 Stud.
394 2985 424 3010 Ζ.
444 2975 546 3009 class.
567 2972 705 3008 Philol.
727 2969 784 3003 IX.
809 2972 909 3002 1886.
932 2980 969 3011 p.
988 2970 1125 3000 1—170
1140 2978 1218 3001 -eoe
1238 2970 1344 3010 parte
1370 2965 1539 3008 mayn-essia
1560 2964 1594 2997 S.
1610 2963 1822 2997 Ambrosius

125 3033 179 3067 ep.
199 3025 244 3057 39
269 3023 318 3058 ad
346 3021 570 3057 Faustinwm
594 3020 730 3063 scripta
755 3018 794 3059 (t.
815 3015 848 3049 II
869 3026 905 3059 p.
932 3018 1020 3048 1098
1041 3013 1192 3059 Μιῗφιε).
1221 3015 1336 3057 ipsum
1363 3011 1517 3054 Sulpicii
1542 3010 1687 3044 ‹lae'cemli
1712 3021 1822 3052 (lenus

126 3070 399 3115 diligentissime
428 3071 678 3113 perscrutatus
708 3068 758 3099 est
783 3062 818 3097 J.
839 3062 890 3096 H.
911 3061 1071 3096 Sclmmlz
1097 3061 1137 3095 Z.
1157 3061 1184 3103 f.
1205 3061 1238 3094 cl.
1261 3058 1520 3103 Gymnasium.
1547 3056 1689 3090 XXXV.
1720 3059 1818 3088 18⁸1.

125 3127 161 3160 p.
183 3117 394 3162 87841123.
424 3126 513 3149 sane
539 3125 651 3158 quam
678 3112 730 3155 M,
758 3120 846 3143 Sane
867 3109 939 3144 GR
958 3110 970 3151 11
989 3111 1043 3142 26.
1072 3107 1243 3140 miserum
1273 3118 1304 3143 ς,
1335 3104 1464 3138 mirum
1486 3105 1622 3145 Ω1127,
1652 3102 1701 3147 ci}
1728 3102 1752 3135 ii
1781 3103 1820 3138 ln'.

128 3162 160 3196 it
185 3162 239 3206 M,
264 3175 330 3198 om.
359 3163 391 3197 G

199 3226 262 3252 th.
282 3235 326 3258 ep.
346 3228 392 3253 ed.
414 3225 696 3252 Mundelssohn.
1522 3213 1541 3241 (3
