2242 3496
351 1093 363 1121 l

405 174 489 214 348
1002 168 1048 202 M.
1076 166 1215 200 TVLLI
1243 164 1492 200 CICERONis

405 281 541 337 suevi,
580 284 672 322 tum
703 279 771 320 hic
805 290 938 318 annus
972 274 1198 330 praecipue
1238 273 1291 314 ad
1329 287 1467 315 meam
1507 286 1654 315 curam
1692 273 1967 328 officiumque
2006 289 2096 329 per-

403 353 529 393 tinet:
572 366 671 392 nam
709 346 996 390 constituendi
1041 344 1265 399 municipii
1304 358 1432 386 causa
1469 344 1552 385 hoc
1591 358 1702 385 anno
1741 345 1922 386 aedilem
1959 345 2096 387 filium

403 437 543 464 meum
581 421 672 462 fieri
710 418 824 460 volui
865 420 907 458 et
943 416 1092 458 fratris
1130 416 1269 457 filium
1307 418 1351 457 et
1388 414 1444 456 M.
1472 413 1690 470 Caesium,
1732 415 1952 457 hominem
1989 416 2096 457 mihi

404 493 584 534 maxime
628 488 914 531 necessarium
946 512 1004 517 —
1035 487 1072 528 is
1112 486 1225 527 enim
1267 485 1549 541 magistratus
1588 485 1634 526 111
1671 488 1822 528 nostro
1861 485 2094 542 municipio

400 577 475 604 nec
507 562 614 602 alius
648 560 758 601 ullus
793 558 926 600 creari
960 558 1070 599 solet
1095 573 1171 611 -3
1204 570 1312 610 quos
1345 556 1641 598 cohonestaris
1674 556 1719 597 in
1744 557 1981 612 primisque
2015 572 2095 613 me,
2132 571 2148 596 5

400 633 434 673 si
473 646 538 673 res
577 647 614 685 p.
654 629 876 683 municipii
920 631 993 670 tuo
1039 627 1180 669 studio
1225 627 1451 682 diligentia
1494 627 1602 669 bene
1648 628 1952 670 administrata
1995 628 2094 670 erit:

399 702 510 757 quod
542 704 590 742 ut
621 701 766 754 facias,
798 702 841 741 te
872 699 1147 741 vehementer
1180 698 1312 740 etiam
1345 700 1473 752 atque
1508 699 1640 740 etiam
1672 713 1791 755 rogo.

1098 864 1194 905 xii.
1243 863 1382 920 (198.)

984 969 1195 1013 ciOERO
1230 970 1427 1013 BRVTO
1463 970 1501 1013 s

510 1077 608 1120 Alia
640 1078 825 1133 epistula
858 1078 1145 1120 communiter
1178 1078 1474 1120 commendavi
1506 1078 1588 1120 tibi
1616 1079 1784 1135 legatos
1816 1079 2092 1135 Arpinatium
2113 1097 2145 1122 10

393 1153 440 1191 ut
471 1150 594 1204 potui
627 1149 975 1205 diligentissime,
1018 1149 1099 1192 hac
1137 1149 1371 1204 separatim
1404 1148 1450 1199 Q.
1478 1149 1714 1205 Fufidium,
1759 1165 1944 1205 quocum
1984 1151 2092 1193 mihi

393 1235 538 1262 omnes
571 1221 908 1262 necessitudines
942 1223 1053 1275 sunt,
1086 1220 1338 1276 diligentius
1366 1221 1630 1276 commendo,
1661 1236 1749 1263 non
1774 1225 1824 1263 ut
1850 1221 2012 1277 aliquid
2041 1222 2091 1264 de

391 1291 465 1333 illa
510 1292 879 1334 commendatione
924 1292 1187 1348 deminuam,
1231 1293 1305 1334 sed
1346 1295 1395 1334 ut
1438 1293 1491 1334 ad
1534 1292 1646 1335 hanc
1691 1293 1862 1334 addam:
1905 1307 2005 1335 nam
2050 1296 2093 1335 et

390 1362 613 1417 privignus
647 1366 712 1404 est
744 1363 798 1404 M.
828 1361 986 1419 ansii,
1025 1363 1109 1405 mei
1142 1364 1324 1405 maxime
1359 1366 1402 1405 et
1434 1363 1658 1405 familiaris
1691 1367 1734 1405 et
1764 1364 2019 1420 necessarii,
2050 1366 2094 1406 et

391 1432 472 1474 fuit
515 1433 560 1474 in
598 1432 750 1475 Cilicia
794 1449 962 1477 mecum
1006 1434 1207 1477 tribunus
1252 1435 1461 1490 militum,
1506 1449 1590 1489 quo
1634 1435 1679 1476 in
1723 1450 1898 1477 munere
1942 1435 2005 1477 ita
2048 1450 2092 1477 se
2115 1453 2147 1478 15

392 1505 611 1559 tractavit,
652 1507 701 1545 ut
733 1505 947 1560 accepisse
981 1506 1033 1548 ab
1068 1521 1117 1548 eo
1156 1506 1414 1548 beneficium
1452 1506 1636 1561 viderer,
1672 1521 1760 1548 non
1799 1506 1982 1563 dedisse3
2027 1510 2093 1549 est

390 1578 611 1630 praeterea
640 1600 689 1605 —
720 1577 833 1630 quod
866 1577 979 1632 apud
1013 1580 1055 1619 te
1088 1578 1202 1620 valet
1233 1578 1469 1633 plurimum
1495 1603 1549 1607 —
1577 1593 1601 1619 a
1626 1578 1789 1620 nostris
1823 1578 1978 1620 studiis
2005 1592 2092 1620 non

389 1646 636 1689 abhorrens.
681 1662 811 1702 quare
834 1648 962 1690 velim
983 1663 1081 1690 eum
1102 1663 1230 1704 quam
1256 1649 1559 1691 liberalissime
1589 1650 1874 1705 complectare
1901 1663 2091 1704 operam-

390 1732 469 1771 que
496 1718 581 1772 des,
613 1721 662 1760 ut
687 1719 731 1759 111
759 1734 808 1760 ea
834 1719 1064 1775 legatione,
1098 1735 1227 1775 quam
1260 1721 1450 1775 suscepit
1483 1723 1633 1763 contra
1666 1736 1791 1763 suum
1818 1721 2091 1763 commodum

390 1792 560 1830 secutus
594 1790 900 1832 auctoritatem
931 1805 1089 1846 meam,
1131 1806 1259 1846 quam
1292 1792 1478 1834 maxime
1512 1792 1602 1834 eius
1642 1793 1823 1835 excellat
1860 1792 2089 1843 industria3
2111 1809 2144 1834 20

388 1860 480 1901 vult
512 1860 636 1915 enim,
669 1861 710 1902 id
744 1862 857 1916 quod
890 1862 1055 1917 optimo
1083 1863 1236 1918 cuique
1262 1866 1420 1905 natura
1445 1864 1660 1905 tributum
1686 1866 1764 1918 est,
1797 1878 1928 1919 quam
1960 1863 2091 1905 maxi-

388 1946 502 1972 mam
534 1932 702 1973 laudem
742 1947 839 1974 cum
871 1948 896 1974 a
927 1935 1072 1991 nobis,
1112 1934 1185 1989 qui
1225 1950 1322 1976 eum
1361 1934 1631 1992 impulimus,
1671 1938 1765 1977 tum
1797 1950 1822 1977 a
1853 1935 2089 1990 municipio

389 2003 602 2057 consequi,
636 2004 747 2057 quod
780 2004 818 2045 ei
850 2005 1086 2060 continget,
1119 2005 1155 2047 si
1187 2005 1267 2048 hac
1300 2021 1395 2048 mea
1428 2006 1800 2049 commendatione
1833 2008 1955 2048 tuum
1987 2020 2090 2062 erga

388 2087 431 2114 se
464 2073 653 2115 studium
686 2075 768 2116 erit
801 2079 1070 2119 consecutus.

991 2152 1017 2161 -s

1082 2205 1200 2249 xni.
1251 2206 1388 2263 (199.)
2106 2224 2139 2249 25

978 2312 1190 2356 OIOERO
1223 2314 1419 2356 BRVTO
1454 2314 1495 2356 s,

502 2418 548 2459 L.
578 2417 829 2461 Castronius
864 2420 1042 2475 Paetus,
1083 2421 1212 2476 longe
1251 2421 1450 2477 princeps
1489 2422 1714 2478 municipii
1751 2421 1976 2477 Lucensis,
2020 2424 2087 2464 est

386 2488 604 2543 honestus,
637 2491 801 2545 gravis,
833 2492 984 2546 plenus
1018 2491 1168 2547 officii,
1200 2492 1339 2534 bonus
1372 2492 1499 2547 plane
1532 2493 1598 2535 vir
1630 2496 1674 2535 ct
1707 2508 1804 2535 011111
1836 2491 2085 2548 virtutibus,

387 2562 477 2599 111111
511 2559 641 2600 etiam
680 2560 870 2616 fortuna,
916 2562 951 2603 si
992 2563 1094 2617 quid
1132 2563 1214 2605 hoc
1254 2564 1306 2604 ad
1345 2578 1435 2605 rem
1472 2565 1679 2620 pertinet,
1724 2567 1921 2621 ornatus,
1965 2579 2084 2606 meus

386 2632 529 2670 autem
568 2633 633 2671 est
674 2631 1057 2690 familiarissimus,
1099 2635 1160 2676 810
1196 2649 1370 2689 prosus,
1414 2638 1462 2676 ut
1498 2636 1640 2677 nostri
1678 2635 1840 2678 ordinis
1885 2638 2085 2691 opservet
2104 2652 2138 2677 30

384 2700 597 2742 neminem
641 2702 909 2757 diligentius3
955 2719 1083 2759 quare
1124 2707 1173 2746 ut
1218 2708 1262 2747 et
1299 2721 1442 2748 meum
1481 2707 1668 2749 amicum
1706 2710 1750 2748 et
1788 2709 1863 2748 tua
1906 2706 2083 2762 dignum

502 2855 531 2885 4.
560 2851 591 2885 18
618 2852 730 2899 enim]
758 2856 802 2898 cf.
825 2856 1023 2892 Mmmnsen
1045 2857 1080 2892 G.
1102 2859 1134 2892 Ι.
1156 2858 1200 2893 L.
1227 2858 1260 2892 X
1280 2870 1318 2903 p.
1341 2862 1408 2893 556
1429 2861 1440 2904 ΙΙ
1460 2863 1490 2894 6.
1520 2859 1644 2894 studio
1672 2858 1886 2904 diligentia]
1913 2859 1953 2893 in
1972 2869 2081 2904 asyn-

385 2898 462 2932 ‹Ieto
489 2900 573 2933 olim
598 2902 769 2943 offensum
795 2907 845 2937 est
871 2904 881 2947 Η
911 2907 965 2938 10.
993 2904 1236 2940 communiter
1261 2917 1326 2941 om.
1354 2906 1411 2940 Hl
1442 2909 1454 2951 ΙΙ
1486 2910 1540 2942 13.
1569 2906 1783 2941 deminuam
1807 2905 1905 2949 ΜΗ,
1931 2905 2081 2940 commi-

385 2955 495 2977 nuam
522 2946 558 2979 1)
589 2948 600 2990 Η
631 2949 672 2981 ut
698 2949 745 2982 ad
770 2949 866 2984 hanc
892 2951 992 2995 MD,
1020 2956 1061 2986 ut
1085 2952 1181 2987 hanc
1208 2953 1265 2997 H,
1292 2954 1334 2987 ut
1359 2953 1408 2988 ad
1435 2953 1595 3001 (illam)
1620 2954 1716 2988 hanc
1741 2954 1873 2988 Baiter
1909 2955 1920 2998 ΙΙ
1958 2956 2012 2988 19.
2039 2954 2083 2987 ut

385 3024 424 3057 in
450 3027 507 3068 ΠΙ,
545 3027 583 3061 111
610 3029 689 3063 HD
719 3032 730 3074 Η
762 3043 868 3066 suum
900 3034 1133 3068 commodum
1166 3036 1226 3075 M,
1261 3036 1497 3070 commodum
1529 3046 1635 3069 suum
1660 3035 1742 3070 HD
1777 3037 1788 3080 ΙΙ
1825 3038 1881 3070 27.
1908 3011 2082 3080 luciensis,

387 3084 405 3104 c
432 3084 454 3105 (ι
481 3085 522 3107 m.
545 3078 575 3117 1,
602 3076 645 3108 H
677 3079 688 3120 Η
725 3082 780 3112 29.
806 3080 886 3113 tum
911 3081 1002 3122 HD,
1029 3082 1108 3115 tam
1133 3083 1182 3116 M
1208 3084 1220 3127 [1
1251 3086 1305 3118 30,
1333 3084 1391 3117 est
1415 3084 1510 3121 MD,
1537 3083 1594 3116 est
1618 3092 1731 3125 quam
1757 3082 1802 3117 H
1827 3084 1839 3128 ΙΙ
1871 3082 1923 3117 sic
1948 3093 2079 3128 prosus

387 3128 547 3162 (prorsus
574 3121 682 3168 HDji]
709 3126 753 3167 cf.
782 3126 956 3169 Wolfflz'n
983 3129 1107 3164 ‘Arda
1127 3130 1154 3172 f.
1176 3130 1238 3164 lat.
1260 3130 1464 3175 Leaeicoyrf
1487 3130 1538 3164 IV
1557 3141 1595 3174 1>-
1618 3132 1685 3163 619
