2242 3542
838 214 1113 248 vuiblb‘A'rw
1697 215 1824 248 XXVII

134 321 266 362 fuisse
298 320 342 361 in
376 320 404 361 Z
439 325 481 362 et
515 321 699 362 omissae
731 337 824 363 esse
860 322 899 363 in
935 322 971 362 D
1005 323 1175 364 demum
1209 322 1490 375 conficiendo,
1528 327 1710 377 possunt
1748 323 1830 377 pri-

134 391 266 433 mitus
293 391 380 433 illic
409 391 604 432 defuisse.
657 407 764 446 quae
791 407 888 434 cum
911 393 973 434 ita
1002 394 1101 445 sint,
1128 393 1323 448 equidem
1351 393 1546 447 quamvis
1575 393 1664 447 ipse
1693 394 1830 448 magis

110 476 182 503 ‚eo
215 461 415 503 inclinem
451 466 497 503 ut
530 463 710 504 eundem
742 462 905 504 fontem
939 463 1071 505 fuisse
1104 479 1299 505 censeam
1339 467 1382 505 et
1415 463 1451 505 D
1491 467 1534 505 et
1570 463 1831 506 contamina-

106 529 296 587 ‘torum‚
345 547 434 574 rem
486 533 527 574 in
581 534 720 575 medio
772 534 1094 588 relinquendam
1147 538 1262 588 puto.
1339 549 1630 589 quaecumque
1688 538 1830 575 autem

133 603 525 645 contaminatorum
559 604 642 645 fuit
675 605 816 659 origo,
849 604 937 646 sive
969 605 998 646 Z
1032 606 1120 646 sive
1154 606 1351 660 ignotum
1384 606 1556 660 aliquod
1591 605 1628 646 Y
1662 607 1830 659 generis

133 674 376 728 exemplum
409 674 469 716 eis
502 675 744 717 adhibitum
776 679 853 729 est,
886 679 1048 718 certam
1082 676 1315 717 utilitatem
1349 677 1531 718 mixtum
1562 677 1668 718 illud
1695 691 1830 732 genus

136 745 269 786 habet
299 745 484 799 nullam,
516 750 678 788 certam
711 747 997 801 suspicionem
1030 747 1269 800 plurimam.
1328 762 1434 801 quae
1468 747 1581 789 enim
1613 747 1701 789 illic
1735 762 1831 789 cum

133 815 166 857 F
171 815 254 857 HD
287 816 535 868 concinunt,
574 832 623 858 ea
654 817 827 858 inutilia
858 821 958 858 sunt
996 820 1146 871 utpote
1186 820 1289 858 nota
1327 832 1376 858 ex
1415 818 1694 860 intemeratae
1731 817 1831 859 fidei

134 886 336 937 testibus,
383 901 490 941 quae
522 891 667 929 autem
699 888 744 928 in
782 902 867 928 uno
907 888 1096 929 alterove
1137 888 1332 942 exemplo
1363 913 1410 918 —
1442 903 1599 944 magna
1637 889 1749 930 enim
1788 889 1832 930 in

132 957 317 1012 singulis
355 958 573 999 codicibus
613 959 844 999 verborum
882 961 947 1000 est
987 959 1171 1000 varietas
1206 984 1258 988 -
1293 959 1538 1013 discrepant
1576 963 1618 1001 et
1651 975 1675 1000 a
1706 959 1750 1000 M
1790 962 1832 1000 et

131 1043 156 1070 a
194 1027 333 1083 FHD,
376 1043 426 1070 ea
464 1043 630 1083 semper
669 1030 945 1070 metuendum
984 1032 1050 1071 est
1093 1044 1145 1071 ne
1183 1030 1461 1084 provenerint
1499 1045 1549 1071 ex
1588 1030 1833 1084 corruptela

131 1099 317 1152 novicia,
358 1114 443 1141 non
477 1114 526 1140 ex
558 1099 677 1141 fonte
710 1100 946 1154 primitivo.
1002 1099 1069 1142 his
1102 1101 1151 1141 de
1185 1101 1325 1142 causis
1358 1115 1438 1155 ego
1472 1100 1699 1142 consilium
1739 1100 1832 1154 cepi

129 1169 378 1212 eliminandi
411 1169 547 1212 totius
583 1170 704 1230 illius·
740 1171 1013 1225 sterquilinii.
1077 1185 1173 1212 rara
1211 1171 1286 1212 ubi
1326 1171 1416 1213 eius
1454 1174 1574 1213 extat
1611 1171 1832 1223 memoria,

127 1240 291 1283 factum
324 1241 368 1282 id
399 1244 578 1296 propter
610 1244 749 1284 certas
784 1256 946 1284 causas.
1003 1245 1194 1283 ceterum
1235 1241 1455 1284 sciendum
1494 1257 1725 1297 occupasse
1763 1257 1832 1284 ne-

129 1326 257 1366 quam
306 1311 388 1354 hoc
438 1327 572 1368 genus
622 1313 708 1354 iam
757 1299 922 1367 priscas
974 1313 1258 1367 epistularum
1308 1313 1542 1367 editiones,
1592 1313 1832 1368 principem

130 1381 448 1438 Sveynheymii,
480 1383 693 1425 Venetam
727 1399 759 1424 a.
792 1384 915 1437 1469,
949 1383 1191 1425 Romanam
1217 1399 1252 1424 a.
1284 1384 1407 1437 1470,
1440 1384 1559 1438 alias,
1593 1398 1698 1438 quas
1727 1384 1831 1425 olim

129 1453 307 1495 Parisiis
338 1454 462 1496 licuit
494 1455 716 1508 inspicere.
731 1452 762 1509 ¹)

248 1561 352 1601 1),οΧ
385 1558 575 1593 codicibus
608 1559 671 1603 (101
703 1559 773 1593 1100
806 1559 993 1604 pertinent
1026 1559 1243 1604 superstites
1276 1560 1470 1604 plerosque
1501 1559 1578 1604 ipse
1606 1558 1830 1602 examinavi,

128 1605 290 1650 reliquos
316 1617 439 1640 meum
467 1606 503 1639 in
526 1618 631 1640 usum
652 1606 891 1651 inspexerunt
912 1606 987 1640 3111,
1034 1607 1278 1640 contaminati
1298 1606 1414 1652 igitur
1433 1606 1595 1641 habendi
1616 1606 1832 1641 Dresdensis

131 1657 196 1686 112
218 1653 423 1687 Benedicti
446 1654 587 1688 ‘Dresd
609 1653 786 1697 tertius'),
810 1654 1089 1700 Guelferbytani
1109 1657 1176 1687 226
1201 1656 1237 1688 et
1252 1658 1332 1696 228,
1351 1655 1520 1689 Ραντῖεἰήἰ
1541 1657 1651 1687 14761
1675 1655 1713 1687 et
1729 1656 1830 1697 7783,

129 1699 310 1734 simillimi
337 1700 486 1744 quidem
512 1700 550 1734 hi
577 1700 674 1735 inter
699 1712 753 1744 se,
791 1701 1008 1735 Ooeonienses
1037 1700 1280 1736 Canom'cz'cmi
1305 1705 1373 1735 210
1400 1703 1437 1735 et
1463 1704 1532 1734 244
1558 1703 1594 1735 et
1620 1702 1694 1735 cod.
1725 1700 1829 1744 corp.

130 1747 258 1782 Christ.
286 1750 365 1789 283,
393 1747 468 1781 alii.
515 1747 649 1791 quibus
675 1758 720 1781 ex
747 1747 935 1782 codicibus
962 1747 1086 1782 nullus
1113 1748 1303 1782 saeculum
1323 1748 1390 1782 XV
1416 1748 1576 1783 excedit:
1607 1747 1706 1792 quod
1733 1747 1830 1782 enim

127 1793 206 1828 eius
233 1793 451 1829 Oxoniensis
485 1794 621 1829 codicis
653 1806 761 1839 quem
787 1795 919 1829 ultimo
946 1795 1026 1829 1000
1052 1795 1159 1840 1103111
1187 1795 1366 1840 epistulas
1396 1817 1436 1820 —
1463 1795 1616 1830 mutilas
1643 1794 1831 1838 ceteroqui

127 1852 190 1875 eas
224 1843 262 1876 et
286 1842 445 1886 pessime
471 1845 663 1888 corruptas
697 1864 732 1867 ἡ
761 1854 856 1877 3300,
878 1842 1071 1881 XIIIJXIV
1096 1843 1211 1877 tribui
1237 1854 1344 1888 posse
1372 1842 1516 1878 censuit
1541 1843 1584 1878 H.
1606 1841 1830 1886 Nettleship,

126 1888 160 1922 ei
186 1888 324 1923 iudicio
350 1889 429 1934 ipse
462 1890 579 1924 vetuit
610 1889 666 1924 vir
691 1890 863 1935 egregius
889 1890 1045 1924 nimium
1071 1890 1161 1925 dari.
1213 1891 1397 1925 fluxerunt
1423 1890 1584 1934 quidem,
1612 1892 1653 1923 ut
1677 1889 1830 1932 dictum,

127 1935 182 1969 1111
209 1935 354 1970 00(11003
381 1948 505 1971 omnes
533 1949 575 1971 ex
600 1937 784 1971 communi
806 1937 967 1981 quodam
987 1937 1090 1972 fonte
1111 1938 1150 1972 in
1170 1949 1242 1982 quo
1263 1938 1365 1972 tertii
1386 1937 1519 1972 decimi
1539 1937 1626 1971 libri
1647 1936 1830 1982 epistula(¹

127 1985 277 2028 propter
302 1983 474 2019 foliorum
501 1984 747 2019 inversionem
771 1988 877 2019 erant-
896 1985 994 2018 inter
1014 1996 1051 2020 se
1072 1986 1259 2029 confusae,
1287 1985 1419 2020 ceteris
1439 1996 1525 2019 vero
1546 1984 1585 2018 in
1605 1984 1714 2018 rebus
1734 1983 1832 2017 inter

126 2041 164 2064 se
190 2030 299 2065 valde
325 2031 548 2077 discrepant,
577 2032 651 2066 alio
678 2031 821 2066 scilicet
846 2032 966 2077 magis
993 2032 1040 2066 ad
1060 2032 1089 2066 P
1109 2032 1183 2067 alio
1203 2033 1324 2079 magis
1346 2033 1393 2067 ad
1414 2033 1447 2066 Y
1467 2032 1683 2075 inclinante,
1710 2031 1830 2065 diver-

128 2088 206 2112 sam
238 2080 432 2123 praeterea
464 2079 621 2124 singulis
654 2079 815 2124 expertis
843 2079 1126 2124 corruptionem.
1179 2091 1274 2124 quae
1301 2079 1522 2124 singillatim
1550 2078 1722 2125 persequi
1748 2090 1830 2111 cum

126 2124 252 2169 nolim,
279 2125 324 2159 de
351 2137 423 2160 uno
447 2129 571 2161 tamen
591 2126 699 2161 huius
721 2127 865 2171 generis
887 2127 1012 2161 codice
1033 2127 1161 2172 paullo
1182 2127 1404 2172 explicatius
1426 2127 1560 2170 dicam,
1587 2138 1660 2161 11011
1680 2128 1832 2171 propter

127 2172 248 2217 ipsum
280 2173 342 2207 sed
375 2176 526 2219 propter
556 2174 594 2208 L.
617 2174 846 2210 Gurlittium.
905 2174 934 2207 is
968 2174 1066 2209 enim
1099 2186 1181 2209 cum
1213 2175 1419 2209 identidem
1450 2174 1676 2220 peculiarem
1709 2173 1831 2207 locum

127 2219 363 2265 adsignas-set
393 2221 640 2256 Ccmomefano
666 2225 734 2256 241
760 2223 806 2265 (v,
829 2221 1090 2256 &Vochenschit
1119 2223 1141 2257 f.
1169 2222 1286 2257 klass.'
1305 2222 1437 2257 Philol.
1461 2224 1552 2256 1885
1573 2235 1606 2267 p.
1630 2224 1708 2264 561,
1738 2220 1829 2255 Berl.

126 2266 216 2312 phjl.
243 2267 505 2303 Wochenschr.
535 2272 624 2303 1886
651 2282 684 2313 p.
708 2272 793 2312 919,
826 2281 909 2304 ann.
936 2269 1027 2314 phil.
1056 2273 1146 2303 1885
1172 2283 1206 2315 p.
1229 2273 1314 2313 562,
1346 2269 1479 2304 Philol.
1508 2269 1627 2314 suppl.
1655 2268 1696 2302 V.
1727 2271 1828 2302 1889.

126 2326 160 2359 p.
183 2317 285 2357 621),
316 2315 445 2359 rogavi
473 2326 589 2361 nuper
615 2316 817 2351 Hem-icum
843 2317 1063 2361 Neffleship,
1096 2319 1136 2351 ut
1162 2317 1325 2352 codicem
1353 2316 1476 2359 illum,
1508 2327 1617 2360 quem
1644 2315 1721 2360 ipse
1749 2326 1831 2348 cum

128 2360 260 2396 Oxonii
281 2373 400 2397 essem
420 2363 627 2408 inspectum
648 2363 857 2397 abiet-eram
878 2366 1007 2409 utpote
1028 2365 1156 2409 procul
1171 2364 1284 2398 dubio
1299 2364 1607 2406 contaminatum,
1628 2362 1829 2397 secundum

127 2410 228 2443 certa
266 2409 405 2444 indicia
443 2422 464 2444 a
503 2422 560 2445 me
593 2410 834 2456 suppeditata
866 2411 1075 2445 accuratius
1108 2411 1389 2457 pervestigari-et.
1446 2411 1544 2455 quod
1578 2422 1659 2444 cum
1693 2409 1830 2443 officio-

127 2455 270 2491 sissime
306 2457 353 2491 ab
391 2457 456 2491 illo
495 2461 593 2492 esset
630 2458 767 2492 factum
809 2458 992 2502 simulque
1031 2459 1161 2493 addita
1199 2458 1444 2504 epistularum
1483 2458 1628 2502 aliquot
1666 2456 1829 2498 collatio,

128 2501 294 2537 intellexi
329 2525 369 2529 —
403 2504 441 2539 id
479 2506 575 2549 quod
612 2506 855 2550 expectabam
892 2527 930 2530 —
965 2517 1043 2540 esse
1083 2506 1226 2540 irritam
1259 2506 1427 2540 Gurlittii
1466 2505 1569 2539 illam
1606 2503 1829 2549 opinionem.

129 2547 272 2583 scilicet
303 2561 386 2585 cum
410 2552 448 2586 M
480 2552 618 2587 omissa
648 2552 727 2586 illic
760 2554 845 2587 sunt
879 2553 991 2587 verba
1018 2554 1065 2596 X,
1095 2557 1153 2597 18,
1182 2558 1218 2588 2:
1254 2553 1431 2588 ‘exercitu
1465 2552 1635 2587 concordi
1667 2563 1709 2585 30
1735 2550 1830 2584 bene

129 2595 174 2629 de
199 2606 279 2647 rep.
314 2598 524 2642 sentiente’,
557 2603 613 2642 23,
641 2605 677 2635 5:
713 2600 952 2644 ‘numeroque
985 2600 1102 2635 hostis
1134 2601 1367 2643 habueram’,
1401 2601 1461 2644 XI,
1492 2604 1545 2638 13,
1576 2604 1612 2634 1:
1648 2597 1827 2642 ‘aquilam

129 2653 268 2688 perisse
294 2644 532 2689 nesciebam',
559 2647 636 2689 XII,
666 2652 718 2684 14.
746 2650 782 2682 3:
812 2648 939 2691 ‘quam
966 2658 1094 2682 revera
1120 2649 1240 2683 furere
1268 2648 1402 2683 inveni.
1448 2648 1545 2692 quod
1575 2658 1658 2681 vero
1686 2644 1829 2689 aliquid

129 2690 173 2724 de
200 2689 257 2724 his
284 2691 442 2736 scripsi',
469 2693 569 2735 XIII,
595 2698 651 2737 28,
678 2697 714 2729 3:
745 2694 828 2728 ‘tibi
855 2695 1060 2738 confirmo',
1088 2696 1163 2739 XV,
1192 2700 1223 2739 2,
1251 2700 1287 2730 5:
1324 2696 1376 2729 ‘et
1401 2697 1527 2729 tamen
1554 2693 1829 2728 adulescentem

127 2738 273 2779 essem’,
301 2740 338 2772 et
364 2741 511 2773 servata
538 2740 630 2783 XVI,
659 2745 715 2783 15,
741 2745 777 2776 2:
807 2742 859 2775 ‘et
885 2744 921 2776 te
947 2742 1048 2776 visus
1075 2744 1158 2786 est’‚
1186 2754 1281 2786 quae
1308 2742 1533 2776 omittuntur
1559 2743 1596 2775 et
1622 2752 1643 2775 a
1669 2739 1765 2774 FHD
1793 2742 1829 2772 et

127 2795 149 2818 a
186 2784 372 2830 plerisque
411 2786 684 2822 contaminatis.
741 2788 860 2823 altera
893 2801 936 2823 ex
968 2792 1073 2834 parte
1106 2802 1189 2823 cum
1222 2791 1349 2824 extent
1382 2789 1458 2823 11110
1491 2800 1535 2823 ex
1568 2789 1599 2822 Y
1632 2788 1830 2832 desumpta

125 2843 221 2884 quae
247 2832 381 2867 desunt
407 2833 444 2867 in
471 2834 519 2876 M,
546 2833 648 2870 velut
674 2835 732 2878 IX,
761 2839 814 2879 15,
845 2841 879 2871 1:
909 2837 1049 2870 ‘curam
1075 2848 1196 2871 meam
1222 2836 1448 2871 valetudinis
1475 2839 1561 2870 tuae
1588 2846 1701 2879 quam
1726 2833 1826 2877 tibi’,

126 2879 263 2913 codicis
290 2882 424 2914 natura
450 2892 523 2915 non
548 2882 672 2926 potest
697 2893 775 2916 esse
803 2883 927 2918 dubia.
979 2895 1051 2927 quo
1078 2895 1160 2918 cum
1187 2885 1342 2918 accedat
1367 2884 1472 2919 varia
1499 2881 1828 2927 interpolationum

127 2927 165 2960 et
195 2926 403 2971 glossarum
435 2928 595 2962 foeditas
627 2949 665 2953 -
693 2929 809 2963 sensit·
841 2942 922 2964 eam
955 2930 992 2964 in
1024 2942 1227 2976 paucarum
1253 2931 1497 2976 epistularum
1523 2929 1724 2964 collat-ione
1751 2928 1829 2973 11130

126 2972 350 3019 Nettleship,
378 2985 460 3009 cum
488 2976 580 3009 hanc
609 2977 897 3011 controversiam
924 2977 1113 3023 ignoraret
1139 3001 1152 3003 -
1181 3008 1188 3022 ,
1210 2978 1459 3014 Canouiciano
1484 2977 1539 3011 illi
1564 2980 1632 3011 244
1652 2977 1829 3011 honestus

127 3031 172 3054 ne
199 3020 295 3055 inter
320 3021 486 3057 eiusdem
511 3023 661 3066 quidem
687 3024 832 3067 generis
854 3024 998 3059 codices
1018 3025 1120 3060 locus
1141 3026 1332 3070 adsignari
1353 3027 1492 3070 potest:
1519 3024 1636 3058 multo
1658 3023 1828 3058 meliores

126 3067 297 3103 Parisini.
327 3090 368 3093 -—
395 3070 443 3103 ad
474 3070 634 3115 priorem
668 3070 767 3104 illius
801 3073 944 3116 partem
976 3073 1073 3116 quod
1107 3070 1260 3117 attinet,
1294 3073 1425 3117 incipit
1457 3072 1572 3106 codex
1605 3071 1651 3105 ab
1686 3071 1827 3105 ultimis

127 3114 251 3148 verbis
278 3126 333 3160 ep.
355 3116 386 3159 I,
415 3120 433 3150 7
461 3117 620 3163 (‘diligit
716 3118 928 3163 habemus’)
960 3119 1132 3164 ipsasque
1165 3120 1344 3166 epistulas
1372 3119 1524 3165 vulgari·
1545 3130 1692 3164 prorsus
1719 3119 1828 3152 mods»

129 3161 377 3197 conformatas
417 3164 584 3208 exhibet,
623 3164 645 3200 i.
678 3176 707 3199 e.
748 3165 879 3200 ductas
912 3177 955 3200 ex
986 3167 1084 3201 malo
1117 3167 1243 3212 aliquo
1276 3167 1433 3202 Medicei
1465 3170 1525 3210 49,
1561 3170 1578 3200 7
1612 3166 1828 3211 apographo
