2242 3496
335 1084 350 1114 1

386 164 470 205 170
983 163 1032 197 Μ.
1059 161 1201 196 TVLLI
1226 160 1477 197 CICERONIS

380 272 538 326 hieme,
579 272 646 314 fac
678 272 805 326 plane
838 270 982 311 sciam.
1045 269 1208 311 Balbus
1241 270 1348 311 mihi
1381 271 1652 314 confirmavit
1683 274 1725 314 te
1757 272 1934 314 divitem
1967 272 2079 314 futu-

380 357 495 383 rum:
545 342 587 382 id
632 344 778 382 utrum
823 340 1017 381 Romano
1063 354 1181 381 more
1225 340 1396 382 locutus
1441 341 1520 398 sit,
1567 343 1675 384 bene
1718 347 1991 386 nummatum
2034 346 2078 386 te

382 413 594 466 futurum,
626 426 697 465 an,
730 410 943 465 quomodo
977 409 1112 452 Stoici
1144 411 1310 466 dicunt,
1343 426 1490 453 omnes
1524 427 1616 454 esse
1649 414 1821 468 divites,
1855 414 1928 468 qui
1960 415 2078 456 caelo

381 486 424 524 et
456 486 571 524 terra
602 481 687 522 frui
718 481 898 536 possint,
930 484 1083 536 postea
1118 482 1279 523 videbo.
1342 483 1416 537 qui
1446 483 1576 525 istinc
1608 485 1798 540 veniunt,
1833 486 2079 540 superbiam

380 557 500 594 tuam
546 554 769 606 accusant,
820 552 934 606 quod
977 555 1138 608 negent
1182 555 1224 594 te
1268 555 1625 608 percontantibus
1674 555 1954 610 respondere,
2005 557 2078 598 sed
2115 566 2131 592 5

379 627 523 665 tamen
561 626 644 677 est,
692 623 806 677 quod
845 623 1050 678 gaudeas,
1091 626 1264 681 constat
1303 625 1418 666 enim
1456 625 1569 667 inter
1607 626 1745 668 omnis
1783 627 1998 668 neminem
2035 629 2078 668 te

378 710 462 736 uno
498 692 827 735 Samarobrivae
858 693 964 735 iuris
996 694 1249 749 peritiorem
1281 710 1385 738 esse.

1080 861 1220 904 XVH.
1269 860 1376 919 (45.)

923 966 1135 1010 CICERO
1168 968 1462 1011 TREBATIO
1496 968 1536 1011 3.

498 1074 565 1115 Ex
603 1074 690 1115 tuis
728 1074 888 1116 litteris
929 1078 972 1116 et
1011 1075 1172 1125 Quinto
1210 1075 1337 1117 fratri
1375 1077 1539 1131 gratias
1578 1077 1647 1132 egi
1686 1080 1730 1118 et
1767 1080 1810 1119 te
1849 1077 2078 1132 aliquando
2100 1087 2133 1112 1⁰

381 1146 637 1187 conlaudare
668 1160 858 1201 possum,
890 1146 1003 1200 quod
1035 1145 1121 1187 iam
1147 1146 1304 1187 videris
1337 1149 1454 1188 certa
1485 1147 1630 1202 aliqua
1660 1147 1706 1189 in
1737 1148 1953 1190 sententia
1983 1162 2080 1190 con-

379 1217 563 1272 stitisse,
606 1232 707 1259 nam
743 1217 982 1272 primorum
1021 1231 1216 1258 mensum
1258 1217 1417 1259 litteris
1457 1218 1544 1259 tuis
1583 1218 1857 1260 vehementer
1895 1233 2080 1261 commo—

375 1289 524 1342 vebar,
566 1289 680 1343 quod
717 1288 825 1330 mihi
862 1288 1080 1330 interdum
1111 1313 1169 1318 —
1200 1303 1305 1342 pace
1337 1291 1412 1330 tua
1444 1289 1625 1331 dixerim
1656 1314 1714 1319 —
1744 1290 1852 1331 levis
1883 1289 1930 1331 in
1959 1289 2080 1331 urbis

375 1359 721 1414 urbanitatisque
749 1359 972 1413 desiderio,
1004 1359 1222 1401 interdum
1247 1359 1383 1415 piger,
1413 1360 1631 1401 interdum
1656 1359 1836 1402 timidus
1862 1360 1907 1401 in
1932 1360 2080 1402 labore

373 1431 567 1486 militari,
599 1445 725 1485 saepe
754 1433 899 1472 autem
932 1431 1076 1486 etiam,
1110 1431 1223 1486 quod
1250 1446 1274 1472 a
1300 1434 1342 1473 te
1371 1430 1739 1486 alienissimumst,
1771 1431 2080 1486 subimpudens
2101 1442 2134 1468 15

374 1502 591 1557 videbare,
631 1504 854 1556 tamquam
887 1502 1001 1543 enim
1035 1502 1329 1557 syngrapham
1363 1503 1415 1544 ad
1447 1503 1770 1557 imperatorem,
1801 1516 1889 1544 non
1921 1502 2081 1557 epistu-

373 1574 460 1614 lam
499 1572 739 1626 attulisses,
783 1572 844 1614 sic
881 1573 1063 1627 pecunia
1102 1573 1248 1614 ablata
1287 1573 1463 1615 domum
1501 1573 1641 1614 redire
1679 1573 1962 1627 properabas,
2001 1589 2080 1616 nec

374 1644 456 1684 tibi
488 1644 533 1684 in
564 1645 753 1684 mentem
792 1643 990 1685 veniebat
1028 1659 1099 1686 eos
1139 1644 1275 1699 ipsos,
1315 1645 1388 1699 qui
1428 1659 1525 1686 cum
1564 1644 1822 1699 syngraphis
1861 1644 2080 1686 venissent

374 1714 708 1768 Alexandream,
752 1729 977 1756 nummum
1023 1714 1159 1756 adhuc
1200 1715 1369 1756 nullum
1414 1715 1580 1756 auferre
1625 1715 1831 1769 potuisse.
1895 1729 1998 1771 ego,
2043 1715 2080 1757 si

373 1785 457 1827 mei
496 1785 708 1826 commodi
747 1785 961 1827 rationem
1000 1786 1215 1837 ducerem,
1259 1789 1302 1828 te
1342 1801 1508 1828 mecum
1546 1801 1638 1828 esse
1684 1787 1869 1828 maxime
1908 1787 2079 1844 vellem3
2100 1798 2134 1823 20

372 1871 459 1899 non
491 1856 605 1898 enim
637 1855 841 1897 mediocri
874 1857 1105 1899 adficiebar
1142 1857 1208 1898 vel
1250 1857 1472 1912 voluptate
1506 1873 1556 1899 ex
1589 1858 1898 1899 consuetudine
1929 1861 2081 1900 nostra
2127 1862 2136 1865 ”

372 1928 439 1969 vel
478 1927 670 1969 utilitate
709 1942 759 1968 ex
797 1927 977 1969 consilio
1021 1930 1150 1983 atque
1190 1942 1321 1982 opera
1359 1930 1452 1984 tua,
1500 1929 1593 1984 sed,
1633 1943 1730 1971 cum
1769 1931 1812 1970 te
1852 1943 1903 1971 ex
1939 1929 2080 1972 adule-

375 1999 538 2041 scentia
569 2001 645 2039 tua
676 1998 722 2039 in
753 1998 991 2040 amicitiam
1023 2002 1065 2040 et
1098 1999 1227 2041 fidem
1253 2014 1394 2041 meam
1421 1999 1696 2055 contulisses,
1729 2015 1898 2055 semper
1922 2003 1966 2043 te
1991 2016 2080 2043 non

375 2071 502 2112 modo
535 2070 742 2111 tuendum
775 2070 900 2124 mihi,
933 2071 1006 2112 sed
1039 2069 1170 2111 etiam
1203 2071 1447 2126 augendum
1482 2074 1612 2126 atque
1645 2072 1885 2113 ornandum
1916 2071 2079 2126 putavi.

374 2142 540 2196 itaque,
579 2142 719 2197 quoad
758 2142 959 2196 opinatus
993 2157 1089 2184 sum
1120 2157 1188 2184 me
1220 2142 1266 2184 in
1296 2142 1562 2197 provinciam
1603 2143 1837 2198 exiturum,
1879 2157 1987 2198 quae
2026 2143 2079 2184 ad
2099 2153 2134 2179 25

374 2216 417 2254 te
455 2213 570 2254 ultro
610 2212 856 2268 detulerim,
901 2213 1146 2255 meminisse
1185 2216 1227 2255 te
1268 2214 1412 2269 credo,
1458 2217 1610 2269 postea
1651 2229 1780 2270 quam
1821 2229 1871 2256 ea
1910 2215 2080 2255 mutata

374 2284 550 2339 ratiost,
589 2299 686 2326 cum
723 2284 912 2326 viderem
950 2300 1018 2326 me
1058 2300 1082 2326 a
1120 2284 1301 2327 Caesare
1339 2285 1777 2328 honorificentissime
1817 2285 1997 2327 tractari
2035 2286 2080 2326 et

374 2355 498 2397 unice
543 2355 666 2410 diligi
709 2355 983 2411 hominisque
1027 2356 1336 2398 liberalitatem
1385 2357 1678 2398 incredibilem
1727 2359 1770 2398 et
1814 2355 2077 2411 singularem

376 2427 502 2467 fidem
540 2440 731 2481 nossem,
773 2426 834 2468 sic
867 2427 906 2468 ei
938 2430 981 2468 te
1014 2427 1311 2469 commendavi
1349 2430 1392 2469 et
1431 2427 1607 2483 tradidi,
1643 2430 1694 2469 ut
1731 2426 1986 2483 gravissime
2019 2426 2079 2467 di-

375 2497 746 2552 ligentissimeque
771 2497 913 2553 potui,
945 2498 1059 2552 quod
1084 2498 1157 2539 ille
1190 2498 1252 2539 ita
1284 2501 1327 2540 et
1359 2499 1524 2553 accepit
1555 2501 1598 2540 et
1630 2497 1738 2540 mihi
1764 2512 1891 2552 saepe
1916 2495 2077 2538 litteris
2098 2508 2133 2534 30

495 2652 526 2684 1.
551 2648 662 2694 plene
689 2649 761 2685 GR
791 2650 803 2693 11
835 2653 866 2684 4.
892 2650 1050 2694 possunt
1076 2649 1149 2685 GR
1179 2651 1191 2693 11
1221 2649 1358 2685 uidebo
1387 2650 1436 2694 G,
1469 2649 1667 2692 uidebunt,
1693 2650 1711 2684 t
1737 2652 1756 2684 1
1783 2660 1828 2684 ex
1853 2647 1901 2692 Q,
1927 2651 1970 2683 ut
1992 2648 2078 2691 vid„

377 2696 428 2739 (ui
454 2696 565 2730 istinc
598 2696 767 2742 ueniunt)
792 2697 845 2741 R,
878 2697 987 2732 uideo
1014 2697 1074 2741 M,
1107 2696 1235 2731 uidero
1269 2708 1289 2735 ς
1327 2699 1338 2742 11
1376 2701 1408 2733 ὅ.
1433 2697 1741 2743 percontantibus
1772 2697 1825 2740 R,
1867 2695 2003 2730 -cunt.-
2032 2695 2076 2738 G,

378 2745 527 2778 -cunct-
555 2744 604 2778 M
635 2745 646 2788 11
685 2747 715 2779 6.
748 2745 923 2778 constant
958 2746 991 2780 G
1027 2747 1038 2789 11
1074 2743 1172 2778 inter
1203 2756 1268 2780 om.
1305 2745 1377 2781 GR
1413 2747 1425 2789 11
1465 2749 1518 2780 11.
1548 2749 1601 2780 12.
1636 2743 1872 2779 constituisse
1903 2742 1957 2785 R,
1992 2752 2076 2776 con-

378 2790 558 2835 stituisse,
585 2802 663 2835 emp.
690 2803 734 2826 m.
763 2795 794 2835 1,
825 2793 858 2827 G
885 2794 896 2834 11
930 2796 983 2828 12.
1010 2803 1178 2826 mensum
1204 2793 1296 2836 MG,
1322 2792 1505 2827 mensium
1530 2793 1566 2827 R
1596 2794 1608 2838 11
1640 2796 1694 2826 13.
1719 2801 1813 2836 pace
1838 2789 1892 2833 M,
1918 2789 1961 2841 ut
1984 2799 2076 2841 pace

380 2838 450 2872 GR
482 2840 492 2881 11
525 2837 681 2872 dixerim
709 2839 758 2882 G,
793 2838 960 2873 duxerim
986 2839 1038 2882 R,
1072 2839 1240 2874 dixeram
1265 2841 1314 2874 M
1345 2842 1356 2884 11
1395 2843 1448 2875 15.
1477 2838 1800 2883 alienissimumst]
1825 2835 2076 2871 aliemsmmus

379 2885 416 2918 et
441 2886 535 2929 MG,
571 2885 683 2920 alieni
716 2897 841 2920 sumus
874 2887 912 2920 et
936 2887 972 2921 R
1010 2888 1021 2930 11
1059 2891 1113 2922 16.
1142 2886 1241 2921 enim
1273 2899 1337 2923 om.
1367 2888 1439 2923 GR
1471 2889 1481 2931 11
1511 2887 1602 2933 non]
1638 2885 1730 2932 (et)
1763 2884 1832 2928 (vel
1862 2881 1978 2928 <ac>)
2003 2893 2078 2917 non

386 2931 596 2977 lVesenbergy
627 2934 638 2976 11
672 2936 724 2968 17.
753 2933 804 2967 316
831 2945 895 2968 om.
927 2934 997 2968 GR
1028 2935 1040 2976 11
1072 2937 1126 2969 19.
1153 2934 1313 2980 nullum]
1340 2934 1458 2969 ullum
1484 2935 1582 2976 MG,
1616 2931 1733 2967 ullam
1757 2931 1794 2966 R
1824 2931 1835 2974 11
1867 2933 1923 2965 21.
1949 2931 2079 2965 nostra

380 2989 445 3012 om.
475 2979 611 3021 61122,
638 2981 704 3013 tua
730 2992 794 3015 om.
825 2981 962 3024 61122.
993 2984 1047 3015 23.
1076 2992 1120 3015 ex
1146 2981 1403 3016 adulescentia
1427 2982 1511 3027 tua]
1546 2982 1584 3015 et
1609 2977 1866 3014 adulescentia
1890 2978 1997 3011 tuam
2021 2978 2076 3021 Iff,

381 3026 418 3058 et
449 3036 530 3058 -am
561 3027 666 3060 tuam
691 3027 743 3069 R,
783 3038 867 3061 —am
897 3029 1002 3061 tuam
1038 3029 1070 3062 G
1107 3030 1118 3072 11
1156 3032 1210 3063 25.
1244 3029 1366 3072 quoad
1402 3029 1462 3071 M,
1502 3027 1601 3071 quod
1635 3027 1705 3062 GR
1742 3027 1754 3070 11
1791 3028 1846 3060 26.
1880 3023 2079 3059 detulerim

380 3072 600 3115 Lambinus,
633 3073 820 3108 attulerim
854 3076 887 3108 Ω
924 3076 935 3119 ΙΙ
973 3085 1017 3108 ea
1048 3075 1146 3119 MG,
1178 3086 1262 3109 mea
1292 3076 1329 3111 R
1366 3077 1377 3120 11
1414 3079 1470 3111 27.
1502 3073 1637 3109 ratiost
1667 3073 1727 3117 M,
1759 3071 1903 3107 ratione
1934 3072 1987 3116 R,
2021 3073 2078 3107 est

379 3118 475 3152 ratio
505 3118 538 3153 G
561 3122 574 3163 11
599 3123 653 3154 30.
679 3120 735 3154 ita
760 3122 853 3166 MG,
878 3122 984 3166 grate
1008 3122 1056 3166 R,
1083 3133 1126 3157 ex
1151 3124 1357 3167 glossemate
1377 3127 1469 3167 puto
