2242 3496
0 3215 50 3496 w*

617 143 953 178 EPISTVLAHVM
983 145 1038 179 lx.
1069 149 1121 179 10.
1152 149 1203 179 11.
1234 150 1285 178 12.
1315 148 1367 178 13.
1754 145 1833 185 221

147 251 252 305 tius,
288 251 324 291 si
363 254 404 292 te
444 251 664 305 haberem3
705 266 803 293 nam
836 255 879 293 et
911 253 1050 293 oratio
1084 257 1158 294 tua
1191 252 1375 307 prudens
1408 255 1451 292 et
1483 265 1604 292 amor
1637 266 1735 306 erga
1771 269 1838 294 mc

145 321 377 376 singularis
409 321 594 362 multum
628 322 806 376 leva-ret3
847 323 938 377 sed,
977 324 1180 377 quoniam
1214 323 1330 364 brevi
1364 326 1575 377 tempore,
1613 326 1660 363 ut
1693 323 1837 377 opinio

144 394 293 432 nostra
325 394 409 445 est,
447 395 489 432 te
522 406 616 432 sum
650 392 837 446 visurus,
879 393 938 433 ita
979 408 1043 434 nic
1083 393 1297 434 adfectum
1331 394 1536 448 offendes,
1573 396 1621 434 ut
1653 394 1837 435 multum

143 476 169 503 a.
199 465 242 504 te
274 462 436 517 possim
470 462 626 517 iuvari,
663 478 748 504 non
782 478 865 517 quo
899 463 961 504 ita
993 464 1074 504 sim
1112 464 1293 518 fractus,
1334 468 1381 505 ut
1414 468 1488 505 aut
1520 464 1738 506 hominem
1771 480 1837 505 nic

107 547 236 574 sesse
281 533 442 574 oblitus
487 533 569 575 siin
608 537 682 574 aut
720 534 916 575 fortunae
962 534 1322 576 succumbendum
1366 539 1531 589 putem,
1576 536 1647 577 sed
1693 538 1837 576 tamen

142 603 341 645 hilaritas
375 603 450 645 illa
481 607 631 646 nostra
663 607 706 645 ct
739 605 941 658 suavitas,
974 620 1081 659 quae
1114 608 1156 645 tc
1189 609 1359 659 praeter
1391 609 1555 648 ceteros
1583 606 1838 661 delectabat,

143 677 292 729 erepta
322 675 428 716 mihi
462 675 601 717 omnis
634 678 718 729 est3
756 675 1008 716 firmitatem
1041 679 1184 716 tamen
1218 679 1261 717 et
1293 677 1599 730 constantiam,
1641 677 1677 718 si
1710 677 1836 719 modo

141 745 226 787 fuit
256 745 487 800 aliquando
520 746 564 787 in
595 746 738 799 nobis,
777 746 954 787 eandem
987 761 1238 801 cognosces,
1277 762 1404 801 quam
1438 748 1660 802 reliquisti.
1724 749 1837 802 quod

142 816 296 858 scribis
334 817 499 871 proelia
530 819 572 858 te
605 831 700 858 mea
731 831 859 858 causa
898 817 1130 871 sustinere,
1168 832 1253 858 non
1292 821 1381 858 tam
1414 818 1455 858 id
1489 818 1656 872 laboro,
1695 822 1761 872 ut,
1800 819 1835 860 si

90 903 123 928 ιο
142 887 213 942 qui
253 887 360 928 mihi
398 887 660 941 obtrectent,
700 902 724 928 a
762 890 803 928 te
844 887 1102 941 refutentur,
1140 902 1268 942 quam
1306 888 1501 943 intellegi
1541 890 1683 943 cupio,
1723 890 1835 944 quod

141 960 255 1000 certe
286 957 572 1013 intellegitur,
615 973 681 999 me
716 973 739 999 a
772 961 814 1000 te
847 959 992 999 amari.
1055 959 1169 1013 quod
1201 962 1249 1000 ut
1280 959 1430 1012 facias,
1469 962 1511 1000 te
1544 960 1675 1000 etiam
1708 963 1835 1015 atque

139 1029 271 1071 etiam
309 1042 416 1084 rogo
455 1028 739 1084 ignoscasque
778 1029 983 1070 brevitati
1021 1029 1265 1071 litterarum
1303 1045 1511 1084 mearum3
1552 1045 1652 1071 nam
1692 1033 1735 1071 et
1773 1045 1836 1071 ce-

139 1099 288 1141 leriter
318 1114 405 1141 una
441 1099 611 1141 futuros
643 1114 721 1141 nos
755 1100 943 1142 arbitror
975 1103 1018 1141 et
1049 1101 1239 1142 nondum
1278 1101 1383 1142 satis
1423 1116 1515 1142 sum
1556 1101 1834 1142 confirmatus

139 1170 192 1212 ad
223 1170 509 1212 scribendum.

86 1293 118 1317 15
846 1277 942 1319 XII.
993 1276 1130 1333 (315.)

662 1383 873 1427 CICERO
907 1384 1313 1426 DOLABELLAE.

254 1477 462 1520 Gratulor
494 1479 612 1520 Baiis
645 1480 824 1533 nostris,
858 1479 895 1520 si
928 1480 1115 1534 quidem,
1147 1483 1196 1521 ut
1228 1480 1401 1534 scribis,
1435 1480 1628 1521 salubres
1662 1482 1835 1534 repente

133 1547 276 1591 factae
304 1552 424 1605 sunt;
455 1550 539 1591 nisi
566 1550 678 1592 forte
705 1553 747 1591 te
774 1553 920 1591 amant
953 1553 996 1592 et
1028 1550 1110 1592 tibi
1138 1551 1420 1592 adsentantur
1451 1553 1495 1591 et
1527 1550 1703 1604 tamdiu,
1736 1550 1837 1591 dum

133 1622 180 1661 tu
213 1620 331 1674 ades,
371 1623 472 1661 sunt
511 1621 672 1662 oblitae
713 1622 798 1676 sui,
839 1621 951 1675 quod
991 1620 1164 1675 quidem
1197 1621 1232 1662 si
1266 1621 1328 1661 ita
1365 1623 1449 1675 est,
1489 1620 1664 1661 minime
1704 1620 1837 1661 miror

82 1707 115 1731 *20
135 1691 302 1732 eaelum
335 1692 466 1733 etiam
498 1694 541 1733 et
573 1694 713 1733 terras
745 1691 831 1733 vim
865 1706 1005 1746 suam,
1047 1692 1084 1733 si
1116 1691 1197 1732 tibi
1229 1692 1290 1732 ita
1323 1691 1567 1745 conveniat,
1607 1691 1835 1732 dimittere.

136 1761 451 1804 oratiunculam
477 1777 555 1817 pro
581 1762 802 1817 Deiotaro,
830 1777 957 1817 quam
984 1762 1247 1817 requirebas,
1271 1762 1485 1803 habebam
1512 1776 1692 1816 mecum,
1724 1762 1836 1815 quod

134 1847 222 1874 non
266 1836 483 1888 putaram:
528 1834 673 1888 itaque
719 1848 812 1875 eam
857 1833 939 1874 tibi
984 1832 1099 1886 misi3
1154 1848 1284 1887 quam
1328 1833 1456 1874 velim
1502 1833 1562 1874 sic
1606 1832 1743 1888 legas,
1788 1836 1836 1873 ut

136 1918 310 1946 causam
353 1907 526 1946 tenuem
565 1907 609 1946 et
648 1903 819 1958 inopem
865 1918 943 1945 nec
988 1903 1221 1958 scriptione
1267 1917 1425 1959 magno
1471 1918 1598 1958 opere
1644 1903 1835 1957 dignam3

136 1975 210 2017 sed
241 1989 322 2031 ego
353 1975 518 2030 hospiti
546 1975 678 2017 veteri
711 1977 753 2016 et
785 1975 923 2016 amico
951 1974 1252 2016 munusculum
1279 1974 1452 2015 mittere
1478 1974 1596 2016 volui
1621 1974 1835 2015 levidense

81 2060 114 2086 25
136 2060 280 2088 crasso
312 2046 404 2097 filo,
443 2046 683 2088 cuiusmodi
720 2046 856 2101 ipsius
896 2046 1037 2087 solent
1075 2060 1167 2087 esse
1200 2060 1388 2086 munera.
1452 2048 1499 2086 tu
1531 2044 1659 2086 velim
1692 2044 1834 2085 animo

137 2117 322 2172 sapienti
353 2116 542 2172 fortique
574 2117 646 2172 sis,
681 2120 730 2158 ut
761 2119 837 2158 tua
869 2116 1107 2158 moderatio
1141 2119 1184 2157 et
1217 2116 1407 2171 gravitas
1439 2116 1622 2157 aliorum
1655 2115 1836 2156 infamet

135 2187 347 2230 iniuriam.

835 2281 954 2323 XIII.
1001 2280 1138 2337 (281.)

584 2435 589 2437 Δ
628 2387 837 2432 CICERO
871 2386 1264 2429 DOLABELLAE
1299 2384 1339 2428 s

79 2496 114 2522 30
252 2482 297 2525 C.
333 2481 567 2525 Subernius
601 2482 783 2525 Calenus
817 2485 860 2523 et
892 2496 1010 2522 meus
1044 2484 1109 2522 est
1140 2480 1367 2522 familiaris
1400 2483 1443 2521 et
1476 2480 1654 2535 Leptae,
1692 2482 1832 2522 nostri

132 2553 481 2609 familiarissimi,
517 2553 880 2609 pernecessarius:
919 2553 955 2593 is
988 2567 1084 2593 cum
1116 2551 1281 2593 vitandi
1319 2551 1421 2592 belli
1455 2565 1584 2593 causa
1612 2551 1831 2605 profectus

133 2626 248 2665 esset
285 2624 329 2666 in
367 2624 624 2680 Hispaniam
668 2639 763 2666 cum
801 2623 857 2664 M.
886 2623 1079 2664 Varrone
1122 2624 1221 2663 ante
1263 2621 1441 2675 bellum,
1485 2624 1533 2662 ut
1571 2621 1615 2663 in
1653 2637 1702 2663 ea
1738 2637 1832 2676 pro-

133 2693 273 2736 vincia
299 2698 426 2750 esset,
457 2696 503 2736 in
528 2709 613 2750 qua
637 2709 762 2735 nemo
789 2696 987 2735 nostrum
1013 2695 1113 2747 post
1140 2692 1368 2734 Afranium
1395 2695 1643 2746 superatum
1669 2692 1831 2734 bellum

133 2763 269 2806 ullum
307 2764 399 2806 fore
438 2767 629 2820 putaret,
671 2763 823 2805 incidit
861 2763 904 2804 in
942 2776 992 2803 ea
1028 2762 1122 2816 ipsa
1159 2762 1290 2816 mala,
1332 2777 1440 2816 quae
1479 2777 1647 2804 summo
1688 2763 1831 2805 studio

254 2896 283 2927 1.
310 2903 398 2927 nam
424 2892 538 2939 (me)
566 2892 604 2926 et
629 2892 697 2926 aliz·
716 2892 727 2935 ΙΙ
747 2893 778 2925 4.
806 2889 945 2934 possim
969 2901 1013 2925 esc
1038 2900 1189 2934 possum
1215 2889 1281 2923 Mc
1300 2890 1310 2933 ΙΙ
1337 2894 1390 2923 11.
1418 2891 1460 2923 ut
1484 2901 1550 2924 om.
1578 2890 1647 2934 Jlu
1668 2894 1722 2925 13.
1751 2902 1831 2925 sum

134 2949 199 2974 om.
227 2940 301 2984 ΜΙΙ
322 2944 375 2975 19.
404 2939 510 2985 ades]
538 2939 626 2973 abes
657 2939 722 2982 ΨΙΙ
742 2942 796 2972 23.
824 2947 1048 2982 magnopere
1069 2936 1150 2971 HD
1169 2938 1180 2981 ΙΙ
1200 2939 1254 2971 24.
1282 2936 1384 2970 uolui
1410 2936 1485 2971 leui
1512 2936 1624 2991 dense
1652 2937 1701 2982 H,
1728 2937 1831 2972 uolui

134 2996 216 3031 leue
242 2997 353 3033 dense
380 2999 429 3041 D,
455 2998 531 3033 leui
557 2997 694 3032 densae
715 2997 763 3031 M
777 2998 788 3041 ΙΙ
808 3000 862 3030 ⁶25.
891 3007 1014 3030 crasso
1041 2995 1118 3040 filo]
1145 2997 1189 3038 ef.
1214 2995 1296 3029 Otto
1324 2996 1511 3039 ‘syn-iem.
1532 2997 1565 3030 (Ι.
1587 2997 1648 3031 Β]
1673 3008 1712 3040 p.
1732 2999 1821 3030 2¹24*

135 3047 189 3078 30.
217 3055 246 3079 c.
273 3045 466 3080 subernius
494 3045 547 3089 M,
574 3056 603 3079 C.
632 3057 658 3078 s.
686 3043 860 3077 ubernius
889 3043 944 3086 H,
979 3042 1152 3076 ubcrnius
1178 3042 1217 3076 D
1253 3044 1265 3087 ΙΙ
1311 3047 1365 3076 34.
1394 3043 1544 3086 putaret
1569 3043 1665 3086 HD,
1699 3044 1830 3088 putare

135 3091 190 3134 M,
215 3092 368 3135 putarat
393 3104 425 3136 ς,
454 3094 538 3127 bene

1867 1491 1881 1520 1
