2242 3496
96 926 128 949 10

95 1280 127 1304 15

94 1636 129 1659 20

95 1989 130 2014 25

95 2343 130 2368 80

748 157 1086 193 prsTVLARVM
1111 158 1154 194 X.
1182 163 1236 194 ⁸24.
1756 160 1841 201 265

148 266 282 320 bima,
320 268 418 308 octo
458 265 663 308 tironum.
725 268 787 309 ita
823 268 1048 309 universus
1081 269 1294 311 exercitus
1333 283 1509 311 numero
1548 268 1840 324 amplissimus

147 340 225 391 est,
257 336 463 379 firmitate
490 337 689 393 exiguus3
721 342 927 393 quantum
956 343 1100 381 autem
1134 340 1176 381 in
1211 341 1300 382 acie
1333 340 1463 382 tironi
1491 339 1548 382 sit
1573 339 1840 385 committen-

147 409 265 462 dum,
306 408 486 450 nimium
525 423 651 464 saepe
690 413 911 464 expertum
951 411 1170 453 habemus.
1234 412 1284 453 ad
1318 411 1399 453 hoc
1431 412 1563 453 robur
1594 414 1840 453 nostrorum

148 479 411 521 exercituum
439 480 527 521 sive
556 480 783 522 Africanus
811 481 1035 536 exercitus,
1065 483 1136 537 qui
1164 486 1230 524 est
1259 485 1497 536 veteranus,
1529 482 1618 524 sive
1645 480 1840 525 Caesaris

148 550 417 604 accessisset,
462 565 596 605 aequo
637 552 778 593 animo
819 567 1030 594 summam
1070 567 1158 595 rem
1196 569 1234 608 p.
1274 554 1317 594 in
1355 553 1584 596 discrimen
1622 553 1842 596 deducere-

147 635 254 662 mus.
316 621 536 676 aliquanto
583 627 726 664 autem
771 623 948 678 propius
992 638 1105 673 esse,
1152 624 1265 678 quod
1307 624 1357 665 ad
1401 623 1629 666 Caesarem
1674 624 1842 678 attinet,

148 692 414 734 videbamus:
452 693 560 734 nihil
599 693 746 734 destiti
780 709 877 735 eum
916 694 1074 735 litteris
1114 694 1298 750 hortari,
1335 710 1469 750 neque
1504 695 1575 736 ille
1608 694 1842 737 intermisit

147 763 372 804 adfirmare
406 778 449 805 se
482 763 572 805 sine
607 778 725 806 mora
758 763 918 818 venire,
961 779 1056 806 cum
1089 765 1262 807 interim
1295 780 1490 807 aversum
1523 766 1644 808 illum
1677 766 1729 808 ab
1762 767 1842 809 hac

148 834 411 889 cogitatione
444 835 495 875 ad
528 834 614 876 alia
645 835 825 876 consilia
851 835 972 877 video
1007 850 1050 876 se
1083 835 1328 878 contulisse.
1383 851 1462 893 ego
1497 840 1640 879 tamen
1667 838 1719 880 ad
1746 852 1842 879 eum

147 904 357 946 Furnium
388 907 585 947 nostrum
611 921 707 947 eum
734 906 948 947 mandatis
983 906 1226 961 litterisque
1259 906 1370 961 misi,
1402 907 1438 948 si
1472 908 1570 962 quid
1604 908 1715 950 forte
1749 924 1842 963 pro-

148 976 272 1018 ficere
297 978 456 1030 posset.
514 976 597 1018 scis
631 979 690 1031 tu,
723 977 781 1018 mi
809 976 972 1032 Cicero,
1004 977 1118 1032 quod
1145 978 1196 1019 ad
1224 976 1420 1020 Caesaris
1456 993 1645 1020 amorem
1673 980 1842 1034 attinet,

147 1045 399 1089 societatem
426 1046 531 1087 mihi
565 1061 657 1088 esse
690 1050 844 1101 tecum,
878 1048 942 1089 vel
976 1048 1089 1103 quod
1123 1048 1166 1089 in
1199 1048 1495 1090 familiaritate
1523 1049 1718 1092 Caesaris
1746 1051 1842 1092 vivo

146 1117 222 1159 illo
261 1117 348 1159 iam
386 1116 499 1159 tueri
537 1132 634 1159 eum
673 1120 715 1159 et
757 1118 935 1174 diligere
973 1117 1057 1160 fuit
1100 1118 1204 1160 mihi
1246 1133 1435 1173 necesse,
1481 1120 1545 1161 vel
1589 1121 1700 1175 quod
1740 1122 1842 1176 ipse,

148 1188 289 1243 quoad
321 1203 401 1244 ego
434 1203 558 1230 nosse
592 1189 732 1244 potui,
770 1189 1105 1231 moderatissimi
1145 1193 1273 1244 atque
1305 1189 1606 1232 humanissimi
1638 1191 1721 1233 fuit
1753 1207 1843 1234 sen·

147 1274 232 1314 sus,
264 1259 329 1302 vel
364 1259 477 1314 quod
510 1274 559 1301 ex
593 1263 683 1301 tam
716 1260 875 1316 insigni
902 1260 1094 1302 amicitia
1121 1275 1215 1302 mea
1242 1264 1370 1316 atque
1399 1260 1593 1304 Caesaris
1625 1262 1737 1305 hunc
1764 1264 1841 1304 filii

147 1331 242 1372 loco
280 1333 324 1372 et
366 1330 484 1373 illius
526 1334 569 1373 et
614 1334 756 1374 vestro
802 1332 959 1374 iudicio
1005 1332 1292 1387 supstitutum
1335 1347 1423 1374 non
1466 1334 1644 1388 proinde
1689 1334 1847 1376 habere

148 1405 272 1457 turpe
310 1401 417 1443 mihi
457 1402 636 1444 videtur.
700 1403 774 1445 sed
806 1428 863 1432 —
895 1403 1097 1458 quiequid
1136 1403 1218 1445 tibi
1256 1403 1418 1458 scribo,
1457 1404 1650 1446 dolenter
1689 1405 1849 1447 meher-

148 1472 264 1515 cules
298 1473 438 1529 magis
466 1488 595 1527 quam
621 1473 792 1516 inimice
826 1473 937 1516 facio
964 1499 1022 1504 —-
1049 1474 1162 1529 quod
1188 1474 1296 1516 vivit
1321 1473 1539 1517 Antonius
1566 1476 1704 1530 hodie,
1737 1477 1850 1531 quod

147 1542 334 1599 Lepidus
367 1560 451 1586 una
484 1548 560 1599 est,
594 1546 707 1600 quod
736 1545 948 1587 exercitus
977 1545 1176 1600 [habent]
1204 1560 1291 1587 non
1319 1547 1651 1588 contemnendos
1677 1547 1850 1602 habent,

149 1616 263 1670 quod
295 1619 483 1671 sperant,
516 1617 629 1671 quod
663 1617 832 1670 audent,
867 1631 991 1658 omne
1019 1615 1192 1658 Caesari
1220 1619 1444 1671 acceptum
1471 1617 1628 1659 referre
1655 1622 1850 1673 possunt.

148 1701 285 1742 neque
319 1701 399 1743 ego
433 1687 653 1742 superiora
693 1691 902 1743 repetam,
943 1687 1035 1742 sed,
1075 1702 1125 1728 ex
1157 1702 1206 1729 eo
1240 1690 1452 1743 tempore,
1492 1703 1575 1742 quo
1614 1688 1705 1743 ipse
1745 1690 1849 1730 mihi

148 1757 368 1812 professus
412 1761 478 1800 est
516 1773 560 1800 se
602 1758 764 1812 venire,
810 1759 845 1799 si
891 1758 1035 1800 venire
1080 1758 1308 1813 voluisset,
1354 1762 1429 1801 aut
1473 1774 1727 1814 oppressum
1766 1760 1849 1802 iam

151 1829 307 1870 bellum
348 1832 462 1871 esset
500 1832 574 1871 aut
607 1829 651 1870 in
684 1829 1003 1871 aversissimam
1041 1829 1128 1871 illis
1162 1829 1418 1885 Hispaniam
1458 1845 1555 1872 cum
1593 1831 1850 1873 detrimento

148 1914 296 1941 eorum
334 1900 521 1942 maximo
563 1903 796 1942 extrusum.
861 1916 968 1955 quae
1002 1916 1122 1943 mens
1157 1917 1254 1943 eum
1286 1905 1360 1943 aut
1394 1917 1576 1956 quorum
1616 1901 1797 1944 consilia
1828 1918 1852 1944 a

150 1974 273 2013 tanta
304 1971 462 2027 gloria,
495 1971 575 2013 sibi
610 1986 710 2013 vero
743 1972 875 2013 etiam
907 1972 1149 2014 necessaria
1181 1987 1230 2014 ac
1262 1972 1461 2026 salutari,
1500 1973 1693 2015 avocarit
1725 1977 1767 2015 et
1800 1975 1848 2014 ad

150 2043 460 2098 cogitationem
493 2043 741 2085 consulatus
768 2043 989 2085 bimestris
1023 2058 1189 2085 summo
1224 2059 1320 2085 cum
1353 2047 1517 2086 terrore
1550 2044 1775 2086 hominum
1808 2047 1851 2085 et

150 2113 314 2156 insulsa
345 2128 441 2156 cum
475 2113 788 2169 efflagitatione
821 2114 1113 2168 transtulerit,
1147 2118 1351 2169 exputare
1384 2129 1469 2156 non
1503 2129 1690 2169 possum.
1747 2115 1852 2156 mul-

151 2188 244 2226 tum
286 2185 331 2226 in
374 2185 455 2227 hac
496 2200 540 2227 re
581 2185 687 2226 mihi
732 2185 931 2226 videntur
973 2185 1205 2227 necessarii
1248 2185 1339 2227 eius
1379 2188 1422 2226 et
1459 2186 1520 2227 rei
1558 2201 1596 2240 p.
1635 2189 1678 2227 et
1716 2186 1850 2240 ipsius

151 2271 280 2298 causa
306 2256 512 2311 proficere
538 2270 676 2311 posse,
702 2257 949 2311 plurimum,
977 2259 1024 2298 ut
1050 2260 1169 2311 puto,
1201 2260 1249 2298 tu
1276 2271 1457 2312 quoque,
1483 2257 1602 2298 cuius
1631 2257 1702 2298 ille
1730 2260 1851 2298 tanta

149 2327 305 2369 merita
335 2327 485 2381 habet,
524 2329 687 2381 quanta
719 2341 843 2368 nemo
882 2329 1053 2381 praeter
1085 2342 1170 2382 111e3
1207 2342 1441 2382 numquam
1475 2327 1587 2368 enim
1621 2327 1851 2369 obliviscar

150 2398 337 2439 maxima
369 2412 418 2439 ac
449 2398 637 2452 plurima
669 2413 735 2439 me
770 2398 851 2438 tibi
883 2398 1048 2439 debere.
1106 2398 1155 2439 de
1188 2398 1255 2439 his
1289 2399 1416 2440 rebus
1450 2400 1499 2440 ut
1531 2398 1722 2453 exigeret
1754 2414 1848 2440 cum

149 2483 217 2521 eo,
257 2468 416 2509 Furnio
457 2468 671 2510 mandavi:
713 2468 826 2522 quod
859 2467 913 2521 si,
955 2471 1161 2522 quantam
1194 2469 1344 2523 debeo,
1383 2469 1574 2511 habuero
1609 2470 1717 2524 apud
1753 2484 1849 2511 eum

150 2538 466 2593 auctoritatem,
493 2538 727 2593 plurimum
754 2539 896 2593 ipsum
923 2538 1054 2580 iuero.
1108 2553 1188 2581 nos
1215 2540 1380 2581 interea
1405 2540 1575 2582 duriore
1603 2539 1850 2582 condicione

151 2610 312 2652 bellum
351 2610 632 2663 sustinemus,
677 2609 789 2664 quod
831 2624 966 2664 neque
1009 2610 1376 2665 expeditissimam
1418 2610 1739 2653 dimicationem
1778 2626 1851 2665 pu-

270 2743 300 2773 4.
329 2737 510 2772 exercitus
537 2750 603 2772 om.
633 2738 675 2772 H
695 2739 707 2782 Η
736 2742 766 2772 6.
795 2737 988 2781 aliquanto
1015 2739 1069 2781 M,
1097 2737 1300 2782 aliquando
1327 2738 1406 2772 HD
1425 2740 1435 2783 ΙΙ
1455 2738 1554 2782 quod
1581 2738 1628 2772 ad
1656 2737 1850 2773 Caesarem

151 2785 288 2822 attinet
321 2786 456 2821 retinui
487 2797 566 2820 cum
597 2785 745 2820 Klotzio
778 2787 915 2830 (praefi
937 2797 974 2830 1).
996 2785 1124 2829 L1X2).
1171 2785 1270 2829 quod
1304 2784 1499 2820 Caesarem
1532 2786 1653 2821 Stroth
1686 2787 1821 2830 aliique

155 2837 206 2870 17.
237 2837 289 2868 18.
316 2832 525 2868 mehercule
551 2844 595 2867 ex
620 2832 847 2866 mehercules
874 2831 933 2866 ΜἸ
959 2834 1012 2868 vel
1041 2832 1103 2866 MC
1123 2834 1134 2877 ΙΙ
1156 2837 1208 2867 19.
1236 2831 1381 2878 iepidus
1409 2833 1456 2867 M
1471 2835 1482 2877 ΙΙ
1501 2832 1641 2867 habent
1669 2834 1707 2867 in
1738 2835 1776 2867 Ψ
1799 2834 1852 2868 bis

150 2882 335 2927 script-mn.
357 2882 467 2926 prius
492 2881 616 2915 notavi
647 2882 657 2923 Η
690 2883 744 2914 20.
766 2890 916 2924 possum
938 2879 975 2914 D
1000 2883 1010 2919 ΙΙ
1042 2884 1095 2914 23.
1119 2879 1420 2915 adversissimam
1446 2881 1515 2915 aliz·
1551 2883 1562 2923 ΙΙ
1600 2879 1690 2926 illis]
1711 2879 1768 2914 illi
1787 2882 1826 2914 Ψ

152 2933 207 2964 24.
235 2930 399 2963 etrusum
426 2928 474 2963 M
501 2929 511 2971 ΙΙ
544 2937 646 2962 mens
679 2939 745 2961 om.
776 2926 827 2960 ΙΙ1
860 2929 872 2972 ΙΙ
903 2938 925 2961 a
951 2927 1048 2967 ΠΒ,
1081 2939 1146 2962 om.
1174 2928 1222 2962 M
1249 2929 1259 2971 ΙΙ
1291 2931 1346 2962 25.
1374 2927 1566 2962 avocarint
1591 2932 1624 2962 et
1650 2931 1704 2962 27.
1732 2929 1851 2962 trans-

152 2975 306 3010 tulerint
331 2976 400 3011 alii
425 2978 436 3020 11
466 2980 520 3010 26.
547 2974 735 3010 bimestris
763 2974 991 3017 :bimenstris¹
1019 2974 1059 3008 H
1073 2975 1094 3020 2]
1122 2974 1433 3019 quinquemestris
1462 2975 1658 3010 Manutius
1683 2979 1715 3010 ct
1743 2976 1783 3010 O.
1805 2975 1851 3010 E.

153 3022 312 3058 Schmidt
338 3024 439 3067 (ann.
464 3024 554 3067 phil.
578 3028 668 3057 1890
690 3035 727 3067 μ.
751 3025 828 3063 129,
853 3023 918 3065 17),
946 3026 1047 3065 recte,
1075 3026 1113 3056 nt
1131 3023 1217 3065 vid„
1243 3021 1430 3057 semestris
1453 3022 1578 3068 J·“''¹!J⁶
1604 3023 1665 3066 (ἢκ
1682 3022 1848 3058 Altcrthf

154 3069 228 3103 111²
248 3082 286 3114 μ.
308 3073 386 3113 543,
410 3073 468 3113 17)
499 3071 512 3114 u
543 3074 598 3106 32.
626 3069 821 3115 quantam]
849 3070 1029 3113 quantum
1062 3071 1100 3103 Ψ
1126 3071 1138 3114 11
1169 3073 1224 3105 33.
1252 3069 1354 3104 iuero
1381 3070 1435 3113 M,
1462 3071 1566 3104 tuero
1592 3069 1640 3114 D,
1668 3070 1773 3104 tueor
1800 3069 1850 3105 H.

153 3126 280 3152 iuuero
308 3129 326 3154 5

1869 991 1888 1021 <51
