2242 3496
373 137 458 178 290
972 130 1010 164 M
1014 159 1019 165 .
1047 128 1187 163 TVLLI
1213 125 1464 163 CICERONIS

373 244 424 285 ad
468 242 591 284 Vada
633 241 767 293 venit3
813 253 939 292 quem
982 237 1126 278 locum
1167 235 1268 277 volo
1311 235 1393 276 tibi
1438 249 1531 276 0330
1574 238 1749 277 notum:
1798 236 1911 278 iacet
1953 236 2068 278 inter

325 326 344 356 3
372 313 677 369 Appenninum
710 314 752 351 et
783 309 927 362 Alpes,
959 305 1318 361 impeditissimus
1351 306 1405 346 ad
1434 305 1520 346 iter
1550 305 1805 348 faciendum.
1868 322 1965 349 cum
1996 307 2067 348 ab·

371 400 510 427 essem
542 383 595 425 ab
628 396 677 423 eo
711 379 828 421 milia
860 392 1066 432 passuum
1092 389 1187 418 XXX
1219 379 1263 418 013
1294 390 1338 417 30
1376 375 1463 417 iam
1489 375 1719 418 Ventidius
1760 377 2067 433 coniunxisset,

370 455 513 498 contio
547 453 636 494 eius
669 451 721 492 ad
754 463 821 490 me
853 451 920 489 est
951 447 1103 502 allata,
1134 447 1180 488 in
1212 462 1298 502 qua
1334 449 1481 501 petere
1520 446 1664 502 coepit
1696 462 1721 488 a
1752 447 1985 504 militibus,
2017 451 2067 490 ut

369 541 413 567 30
451 528 569 567 trans
608 521 740 575 Alpes
779 520 1079 573 sequerentur3
1117 517 1201 559 sibi
1240 532 1337 559 cum
1375 517 1433 559 M.
1464 516 1627 572 Lepido
1669 519 1908 560 convenire.
1970 533 2066 562 3110-
2103 533 2120 559 5

369 597 602 638 clamatum
641 594 707 633 est
739 614 793 619 -—
826 592 870 630 et
906 589 1157 644 frequenter
1195 604 1220 630 a
1257 588 1472 630 militibus
1504 587 1796 644 Ventidianis,
1827 604 1929 631 nam
1966 605 2066 632 suos

365 666 487 708 valde
521 678 649 718 quam
681 675 843 716 paucos
875 660 1009 701 habet
1032 684 1097 716 —,
1130 659 1214 702 sibi
1246 661 1321 700 aut
1352 659 1398 700 in
1423 658 1553 700 Italia
1578 660 1845 713 pereundum
1871 675 1964 703 esse
1991 664 2067 702 aut

365 735 637 788 vincendum,
676 735 719 774 et
758 745 881 773 orare
919 733 1173 787 coeperunt,
1203 733 1253 772 ut
1283 729 1548 771 Pollentiam
1584 730 1668 772 iter
1705 731 1907 773 facerent.
1969 746 2067 774 cum

365 806 577 848 sustinere
623 818 695 845 eos
738 818 827 845 non
866 805 1036 857 posset,
1072 802 1119 844 in
1161 804 1386 857 posterum
1430 801 1544 842 diem
1582 801 1667 843 iter
1705 817 1832 844 suum
1869 802 2067 844 contulit.

317 889 337 917 4
364 877 444 919 hac
474 892 520 919 re
552 874 660 917 mihi
690 873 892 916 nuntiata
924 873 1075 915 statim
1109 873 1299 928 quinque
1334 873 1534 915 cohortes
1568 872 1831 914 Pollentiam
1860 873 2067 928 praemisi
2087 890 2121 914 ιο

364 961 589 1001 meumque
621 946 705 987 iter
736 960 785 986 eo
819 944 1002 987 contuli:
1038 944 1148 987 hora
1188 947 1287 986 ante
1324 944 1590 999 praesidium
1628 959 1772 986 meum
1803 943 2066 986 Pollentiam

362 1019 480 1061 venit
519 1032 648 1073 quam
685 1015 925 1058 Trebellius
971 1031 1068 1058 cum
1113 1016 1345 1071 equitibus.
1408 1030 1511 1057 sane
1555 1030 1685 1071 quam
1731 1030 1826 1057 sum
1871 1016 2065 1071 gavisus3

360 1089 405 1131 in
436 1090 518 1131 hoc
550 1088 664 1130 enim
695 1087 924 1130 victoriam
954 1090 1062 1142 puto
1096 1087 1343 1130 consistere.
1377 1085 1401 1111 ²²⁷⁶
1434 1085 1458 1111 ’³‘
1489 1085 1514 1111 ἧς
1546 1085 1570 1111 *

1053 1241 1190 1284 Xlna.
1239 1241 1377 1298 (418.)

478 1350 501 1377 ‘⁴⁴
533 1350 557 1377 ²³⁴
589 1348 613 1376 ³³*
645 1348 669 1375 ’³‘
694 1350 739 1391 in
765 1364 886 1404 spem
912 1351 1131 1403 venerant,
1160 1348 1275 1403 quod
1299 1362 1437 1402 neque
1459 1347 1611 1390 Planci
1637 1351 1846 1403 quattuor
1870 1349 2064 1405 legiones
2085 1364 2119 1391 15

360 1424 560 1466 omnibus
594 1422 682 1464 suis
716 1421 852 1476 copiis
884 1435 1010 1475 pares
1043 1419 1371 1462 arbitrabantur
1400 1434 1539 1474 neque
1579 1435 1630 1461 ex
1660 1419 1792 1461 Italia
1829 1423 1921 1461 tam
1959 1420 2065 1462 cele-

360 1496 467 1536 riter
499 1494 737 1536 exercitum
770 1492 897 1534 traici
927 1506 1056 1547 posse
1089 1491 1332 1533 credebant.
1389 1505 1496 1545 quos
1529 1490 1615 1545 ipsi
1646 1490 1785 1532 adhuc
1818 1491 1925 1533 satis
1957 1491 2067 1546 †ab-

359 1569 566 1623 roganter
608 1564 871 1620 Allobroges
917 1563 1241 1619 equitatusque,
1287 1562 1426 1604 omnis
1466 1562 1539 1617 qui
1577 1577 1627 1604 eo
1664 1562 1928 1617 praemissus
1973 1564 2067 1604 erat

359 1654 383 1680 a
412 1638 552 1693 nobis,
585 1636 872 1690 sustinebant,
897 1637 1134 1690 nostroque
1162 1634 1348 1677 adventu
1381 1633 1586 1675 sustineri
1611 1633 1783 1675 facilius
1814 1648 1942 1688 posse
1969 1648 2067 1676 con-

357 1709 542 1751 fidimus.
602 1711 762 1763 tamen,
793 1707 831 1749 si
864 1721 948 1762 quo
981 1707 1114 1748 etiam
1147 1721 1250 1748 casu
1280 1705 1448 1747 Isaram
1480 1719 1524 1746 se
1557 1704 1825 1760 traiecerint,
1856 1719 1909 1746 ne
1949 1705 2064 1760 quod
2083 1720 2117 1746 20

311 1790 331 1820 5
359 1780 666 1823 detrimentum
697 1779 761 1821 rei
793 1794 831 1834 p.
864 1778 1114 1834 iniungant,
1145 1792 1314 1819 summa
1353 1792 1377 1817 a
1413 1776 1541 1818 nobis
1574 1775 1749 1818 dabitur
1781 1791 1922 1831 opera.
1985 1790 2063 1818 vos

357 1867 563 1908 magnum
596 1851 789 1893 animum
821 1850 1117 1905 optimamque
1152 1863 1272 1903 spem
1305 1848 1355 1889 de
1388 1862 1558 1889 summa
1588 1862 1634 1889 re
1673 1863 1713 1902 p.
1745 1847 1906 1888 habere
1946 1847 2064 1888 volu-

357 1939 466 1979 mus,
494 1939 590 1965 cum
617 1925 660 1965 et
689 1936 769 1964 nos
797 1924 840 1963 et
867 1920 1082 1963 exercitus
1108 1923 1284 1962 nostros
1312 1919 1525 1974 singulari
1551 1918 1781 1960 concordia
1809 1918 2062 1960 coniunctos

358 1996 410 2037 ad
443 1995 587 2037 omnia
618 2009 696 2049 pro
730 1991 853 2035 vobis
886 1990 1070 2035 videatis
1102 1994 1299 2047 paratos3
1331 1991 1404 2032 sed
1436 1993 1584 2031 tamen
1614 1990 1724 2031 nihil
1751 1990 1801 2031 (10
1834 1989 2062 2045 diligentia

356 2067 577 2108 remittere
610 2065 776 2107 debetis
810 2064 994 2119 dareque
1028 2078 1215 2118 operam,
1242 2066 1291 2104 ut
1324 2077 1453 2117 quam
1485 2060 1752 2116 paratissimi
1785 2063 1829 2102 et
1861 2061 1914 2102 ab
1947 2075 2063 2102 exer·
2082 2077 2116 2103 25

357 2138 445 2180 citu
476 2137 739 2192 reliquisque
771 2136 900 2178 rebus
926 2150 1005 2191 pro
1032 2137 1178 2177 vestra
1211 2134 1351 2176 salute
1379 2136 1530 2175 contra
1557 2132 1940 2174 sceleratissimam
1966 2146 2063 2174 con-

356 2209 639 2265 spirationem
668 2208 864 2250 hostium
896 2206 1200 2262 confligamus3
1235 2205 1309 2260 qui
1342 2204 1515 2260 quidem
1547 2219 1618 2246 eas
1652 2204 1817 2260 copias,
1849 2218 1955 2259 quas
1988 2203 2061 2244 diu

356 2281 630 2323 simulatione
663 2280 725 2321 rei
754 2279 954 2334 publicae
988 2277 1317 2334 comparabant,
1351 2276 1498 2318 subito
1532 2276 1585 2317 ad
1616 2275 1783 2331 patriae
1815 2275 2058 2330 periculum

357 2355 673 2395 converterunt.

475 2485 504 2516 1.
532 2492 641 2525 quem
666 2480 789 2515 locum
812 2479 886 2514 tibi
912 2490 991 2514 esse
1017 2480 1147 2514 notum
1172 2477 1258 2513 uolo
1286 2476 1335 2513 H.
1386 2481 1540 2512 ceterum
1564 2477 1609 2520 cf.
1639 2476 1675 2512 C'.
1701 2476 1733 2511 I.
1761 2476 1806 2511 L.
1832 2475 1867 2511 V
1886 2488 1926 2521 p.
1948 2478 2017 2511 892
2045 2477 2056 2523 11

357 2534 387 2563 3.
415 2530 452 2563 et
478 2540 514 2562 30
542 2528 605 2575 <01
658 2528 735 2562 iam
760 2529 900 2571 Baiter,
925 2528 1071 2562 iniuria
1089 2529 1101 2570 ΙΙ
1121 2529 1153 2561 5.
1178 2527 1282 2560 trans
1308 2525 1438 2569 Alpes]
1467 2526 1512 2568 cf.
1542 2525 1758 2559 Thielmann
1785 2524 1910 2560 ‘Arelu
1936 2525 1964 2568 f.
1993 2525 2056 2560 lat.

355 2576 560 2621 [πέσσω-7
583 2576 598 2609 I
653 2588 692 2620 p.
713 2578 779 2609 367
800 2577 811 2620 ll
832 2579 862 2610 6.
890 2575 942 2621 013]
969 2573 1004 2609 01
1025 2574 1128 2609 Koch
1153 2576 1255 2617 (mue.
1276 2573 1392 2608 Rhea.
1414 2572 1481 2607 XII
1502 2584 1540 2617 p.
1562 2574 1657 2616 274),
1683 2572 1775 2606 male
1794 2572 1805 2616 11
1823 2571 2055 2606 uenditianis

357 2623 405 2657 M
418 2625 429 2667 ΙΙ
451 2627 481 2658 7.
506 2622 617 2657 valde
643 2623 770 2668 quam]
791 2623 836 2665 cf.
858 2623 1000 2657 Loreue
1025 2622 1073 2656 ad
1100 2622 1223 2656 Plaut.
1244 2621 1353 2655 Most.
1375 2623 1440 2654 511
1462 2621 1473 2664 Η
1494 2623 1525 2655 8,
1551 2619 1692 2653 faceret
1711 2619 1840 2664 Kleyu
1858 2620 1870 2664 ΙΙ
1890 2621 1943 2653 13.
1972 2629 2057 2653 con-

358 2669 446 2704 siste
471 2671 520 2704 M
534 2673 545 2715 11
575 2669 771 2704 victoriam
795 2671 886 2714 puto
913 2668 1114 2703 consistere
1138 2669 1254 2704 verbis
1278 2669 1373 2702 haue
1398 2667 1447 2702 D.
1474 2668 1589 2702 Bruti
1614 2668 1663 2701 ad
1690 2666 1894 2701 Ciceronem
1919 2667 2055 2711 epistu-

358 2718 428 2751 lam
464 2718 650 2762 abrumpi,
685 2717 725 2751 in
762 2728 865 2762 spem
902 2718 1082 2751 venerant
1118 2717 1235 2751 verbis
1261 2736 1305 2740 —
1331 2715 1594 2749 converterunt
1631 2715 1783 2749 alterius
1819 2714 1994 2758 epistulae
2031 2724 2056 2748 a

358 2765 495 2800 Planco
521 2765 708 2810 Brutoque
734 2766 781 2799 ad
805 2769 969 2800 senatum
989 2764 1236 2809 populumque
1254 2763 1301 2797 R.
1327 2774 1371 2797 m.
1398 2762 1511 2797 Iunio
1540 2761 1719 2797 Guzarone
1744 2761 1851 2796 datae
1875 2760 2056 2806 fragmen-

358 2816 433 2845 tum
452 2813 628 2847 contineri
646 2813 739 2847 vicht
757 2813 802 2847 L.
821 2812 961 2847 Gom-litt
980 2813 1081 2856 (aun.
1097 2812 1189 2856 phil.
1206 2814 1296 2845 1880
1316 2822 1354 2854 p.
1377 2813 1443 2843 611
1463 2810 1529 2854 sq.)
1549 2810 1560 2853 11
1581 2812 1635 2843 15.
1662 2807 1792 2842 Planci
1808 2828 1848 2832 ——
1868 2810 1921 2841 16.
1935 2817 2056 2851 neque

360 2869 423 2893 om.
451 2859 495 2892 H
509 2861 520 2903 11
540 2862 593 2894 17.
615 2870 706 2903 (11103
728 2859 781 2903 M,
808 2858 908 2903 quod
927 2858 1007 2892 HD
1026 2860 1037 2902 ΙΙ
1058 2862 1112 2893 17.
1130 2862 1183 2893 18.
1206 2858 1433 2902 abroganter
1453 2857 1506 2900 M,
1528 2857 1745 2900 arroganter
1764 2854 1854 2889 HD.
1883 2865 2057 2899 arrogan-

359 2906 415 2939 ter
435 2905 831 2953 <adpropinquantes>
852 2907 919 2951 (vel
938 2907 1030 2950 sim.)
1051 2906 1241 2940 Lehmann
1268 2906 1321 2950 (p.
1338 2906 1409 2949 68).
1447 2905 1590 2939 videtum
1603 2904 1728 2947 potius
1747 2902 1956 2936 adverbium
1981 2913 2056 2937 cor-

360 2953 548 2996 riyendum
572 2965 642 2988 esse
661 2956 672 2998 Η
693 2957 746 2987 18.
775 2952 976 2997 allobriges
996 2953 1045 2986 M
1059 2954 1069 2996 ΙΙ
1090 2952 1208 2987 omnis
1229 2962 1261 2996 ς,
1289 2962 1414 2986 01111103
1438 2953 1478 2985 Ψ
1493 2953 1504 2996 1}
1522 2948 1746 2995 praemissus
1771 2949 1851 2982 erat
1870 2948 1924 2993 M,
1950 2960 2056 2994 prae-

360 2998 464 3032 missi
489 3002 593 3034 erant
618 3001 699 3035 HD
728 3003 740 3045 Η
773 3004 826 3036 19.
854 2999 1090 3034 sustinebant
1116 3000 1224 3045 (bant
1247 3001 1290 3034 tu
1313 3001 1401 3045 ras.)
1427 2997 1619 3041 nostrique
1644 2995 1690 3030 H
1716 2998 1726 3041 ΙΙ
1765 2995 1948 3030 aduentus
1974 2997 2025 3031 M
2044 2998 2055 3043 11

362 3048 416 3079 24.
443 3045 602 3080 uideatis
627 3059 692 3091 pro
718 3047 824 3082 uobis
846 3047 891 3081 H
904 3049 916 3091 ΙΙ
935 3050 991 3082 25.
1018 3048 1056 3081 et
1082 3047 1146 3093 ab]
1174 3047 1222 3081 ab
1249 3058 1269 3084 ς
1289 3049 1375 3091 1128.
1403 3043 1688 3090 comparabant]
1710 3043 1981 3088 comparabunt
2001 3044 2056 3093 M,

361 3096 622 3137 compararunt
648 3095 695 3139 D,
723 3096 959 3139 comparatur
984 3095 1022 3129 Η
1043 3096 1128 3139 1129.
1155 3093 1240 3128 uale
1267 3094 1350 3129 add.
1378 3093 1444 3127 Mr

2223 2830 2242 2940 ·'»-.
