2242 3496
726 216 1060 252 lcl‘lslwhixnvhl
1091 216 1130 252 V.
1158 222 1212 251 20.
1735 216 1818 256 125

122 326 293 379 fefellit3
331 325 513 366 liberum
548 326 660 366 enim
695 326 800 366 mihi
839 329 1007 379 teinpus
1042 326 1092 366 ad
1126 340 1198 367 eos
1231 325 1482 366 deferendos
1516 323 1816 365 existimabann

121 396 226 450 dari,
258 399 409 450 postea
442 396 600 437 certior
633 411 726 437 sum
760 397 899 437 factus
927 396 1109 450 triginta
1140 396 1290 436 diebus
1323 395 1476 436 deferri
1510 409 1680 436 necesse
1715 410 1818 446 esse,

122 466 278 522 quibus
323 467 510 507 rationes
557 467 813 508 retulissem.
877 482 978 508 sane
1024 466 1205 508 moleste
1244 466 1324 507 tuli
1363 481 1447 507 non
1495 466 1569 507 illa
1613 465 1818 506 beneficia

121 540 220 579 tuae
265 537 409 591 potius
450 537 679 579 ambitioni
725 541 938 579 reservata
978 552 1069 578 esse
1115 552 1243 591 quam
1290 552 1424 590 meae,
1471 537 1543 591 qui
1582 536 1817 577 ambitione

120 608 229 651 nihil
262 611 423 662 uterer3
461 609 511 649 de
551 609 873 649 centurionibus
914 611 1059 649 tumen
1094 611 1137 648 et
1169 608 1218 648 de.
1252 608 1523 649 tribunorum
1565 607 1816 648 militarium

120 678 502 721 contubernalibus
536 693 602 719 res
636 682 701 720 est
733 678 777 719 in
810 679 994 733 integro,
1026 693 1161 730 genus
1190 679 1303 720 enim
1330 679 1483 720 horum
1513 677 1817 720 beneficiorum

119 749 346 792 definitum
378 749 472 803 lege
505 763 590 789 non
618 752 722 789 erat.
775 749 988 803 reliquum
1017 752 1083 790 est
1109 750 1158 790 de
1187 749 1398 790 sestertiis
1433 752 1603 790 centum
1631 748 1817 801 milibus,

119 820 170 862 de
203 819 360 875 quibus
393 819 569 860 memini
602 819 708 859 mihi
743 834 767 860 a
799 823 840 860 tc
874 819 1045 873 Myrina
1076 820 1244 860 litteras
1277 834 1369 861 esse
1402 820 1575 873 allatas,
1615 833 1701 860 non
1735 819 1817 860 mei

84 888 90 895 ’
119 891 264 944 errati,
295 889 370 931 sed
394 889 471 943 tui,
498 889 543 930 in
570 903 654 944 quo
682 892 905 943 peccatum
934 890 1158 931 videbatur
1184 905 1287 944 esse,
1321 891 1354 931 si
1385 891 1510 932 modo
1538 894 1642 943 erat,
1671 890 1817 931 fratris

69 977 101 1001 10

66 1330 99 1356 15

63 1687 98 1712 20

63 2041 98 2067 25

121 961 185 1003 tui
217 963 261 1002 et
291 959 441 1014 Tullii3
475 960 566 1014 sed,
599 975 696 1002 cum
729 961 770 1001 id
804 960 963 1015 corrigi
996 975 1081 1001 non
1114 964 1278 1015 posset,
1310 962 1460 1016 ’tquod
1493 962 1578 1002 iam
1612 961 1817 1015 depositis

118 1031 360 1073 rationibus
393 1046 444 1072 ex
475 1031 698 1086 provincia
725 1031 998 1085 decessimus,
1031 1031 1155 1073 credo
1184 1046 1250 1072 me
1278 1032 1448 1085 quidem
1475 1032 1555 1072 tibi
1582 1046 1658 1086 pro
1687 1031 1816 1071 animi

118 1102 203 1144 mei
246 1102 469 1144 voluntate
507 1116 670 1156 proque
711 1116 760 1142 ea
799 1116 872 1155 spe
912 1101 1186 1155 facultatum,
1231 1116 1359 1155 quam
1404 1105 1497 1142 tum
1541 1102 1818 1154 habebamus,

119 1188 249 1229 quam
279 1172 591 1215 humanissime
630 1172 864 1226 potuerim,
902 1173 1192 1226 rescripsisse,
1232 1172 1305 1213 sed
1342 1162 1482 1226 neque⁰
1516 1175 1609 1213 tum
1642 1186 1708 1212 1116
1740 1172 1818 1213 1111-

121 1245 327 1286 manitate
359 1243 605 1284 litterarum
632 1258 827 1284 mearum
855 1243 1100 1297 obligatum
1132 1246 1237 1297 puto
1270 1257 1406 1297 neque
1441 1258 1506 1284 me
1541 1247 1658 1284 tuam
1692 1242 1817 1283 hodie

118 1315 351 1370 epistolam
383 1314 433 1356 de
465 1313 540 1356 HS
574 1304 607 1355 ὗ
641 1313 702 1355 sic
735 1313 970 1367 accepisse,
1002 1316 1051 1355 ut
1083 1314 1121 1355 ei
1154 1314 1388 1369 accipiunt,
1422 1314 1576 1367 quibus
1610 1313 1818 1367 epistolae

117 1401 195 1442 per
231 1386 336 1427 haec
373 1387 572 1440 tempora
609 1384 817 1426 molestae
859 1386 972 1425 sunt.
1031 1384 1159 1425 simul
1197 1384 1303 1425 illud
1345 1384 1534 1439 cogitare
1567 1383 1713 1437 debes,
1751 1399 1817 1425 me

119 1471 290 1499 omnem
321 1456 568 1511 pecuniam,
611 1470 719 1510 quae
753 1455 806 1495 ad
839 1469 905 1495 me
948 1455 1077 1496 salvis
1117 1456 1286 1511 legibus
1330 1455 1612 1509 pervenisset,
1656 1455 1818 1509 Ephesi

118 1528 231 1584 apud
263 1527 519 1583 publicanos
559 1526 827 1582 deposuisse,
864 1526 906 1567 id
946 1525 1079 1567 fuisse
1112 1525 1186 1568 HS
1220 1518 1376 1579 fill,
1413 1540 1505 1566 eam
1545 1540 1714 1566 omnem
1751 1540 1819 1580 pe-

120 1599 292 1642 cuniam
317 1598 575 1654 Pompeium
607 1597 860 1652 abstulisse3
893 1597 1007 1651 quod
1039 1611 1119 1652 ego
1154 1596 1241 1638 sive
1275 1611 1410 1650 aequo
1444 1596 1587 1637 animo
1621 1596 1707 1637 sive
1741 1596 1818 1637 ini-

1845 1398 1864 1426 9

118 1685 203 1726 quo
234 1670 344 1724 fero,
382 1673 431 1711 tu
469 1670 520 1711 de
553 1667 626 1710 HS
661 1668 693 1710 C
727 1682 865 1723 aequo
904 1668 1047 1709 animo
1087 1667 1197 1709 ferre
1237 1667 1364 1708 debes
1405 1669 1448 1708 et
1490 1667 1735 1708 existimare
1768 1681 1817 1708 eo
1848 1704 1853 1708 .

118 1742 260 1784 minus
292 1741 344 1783 ad
377 1745 420 1782 te
452 1740 520 1782 vel
552 1739 603 1781 de
636 1739 723 1781 tuis
756 1738 931 1781 cibariis
966 1738 1031 1780 vel
1063 1739 1114 1780 de
1147 1753 1241 1780 mea
1273 1737 1534 1779 liberalitate
1561 1738 1816 1791 pervenisse.

118 1813 231 1868 quod
263 1813 300 1854 si
332 1811 439 1854 mihi
472 1825 660 1865 expensa
689 1810 776 1852 ista
808 1809 882 1852 HS
914 1800 946 1851 C
983 1809 1172 1864 tulisses,
1203 1811 1360 1862 tamen,
1393 1823 1500 1863 quae
1533 1811 1608 1849 tua
1633 1811 1699 1849 est
1726 1823 1814 1849 sua-

116 1884 228 1926 vitas
261 1883 420 1938 quique
453 1883 498 1924 in
529 1897 598 1923 me
631 1896 770 1936 amor,
807 1882 944 1923 nolles
978 1896 1002 1922 a
1035 1895 1101 1922 me
1133 1880 1216 1922 hoc
1248 1883 1439 1934 tempore
1473 1879 1815 1920 aestimationem

116 1955 336 2010 acciperes
359 1969 472 2008 nam,
503 1955 774 1995 numeratum
811 1952 848 1994 si
880 1967 1093 2006 cuperem,
1124 1966 1211 1992 non
1240 1953 1342 1992 erat.
1400 1951 1473 1991 sed
1498 1950 1603 1992 haec
1630 1950 1817 1991 iocatum

118 2040 185 2067 me
215 2027 388 2081 putato,
425 2027 474 2066 ut
511 2039 592 2080 ego
633 2028 675 2065 te
714 2023 932 2079 existim03
972 2037 1052 2079 ego
1091 2025 1254 2077 tamen,
1292 2036 1388 2064 cum
1420 2020 1587 2062 'Pullius
1629 2035 1724 2062 rure
1758 2035 1817 2061 re-

116 2097 262 2151 dierit,
294 2097 464 2138 mittam
498 2111 596 2138 eum
629 2096 681 2137 ad
712 2098 776 2149 te,
809 2095 846 2136 si
880 2094 982 2150 quid
1014 2094 1065 2135 ad
1098 2109 1188 2135 rem
1219 2093 1393 2147 putabis
1425 2092 1649 2146 pertinere.
1706 2092 1816 2132 hanc

117 2168 348 2224 epistolam
380 2183 455 2210 cur
485 2181 573 2209 non
605 2167 742 2209 scindi
775 2166 918 2221 velim,
949 2180 1079 2207 causa
1110 2165 1230 2206 nulla
1263 2167 1338 2205 est.

235 2325 266 2356 1.
293 2319 386 2354 mihi
412 2331 477 2355 om.
504 2320 541 2355 R
569 2321 580 2364 ΙΙ
609 2318 827 2354 deferendos
854 2318 914 2362 M,
942 2316 1193 2352 defendendos
1221 2316 1271 2358 (τ’,
1299 2315 1396 2356 (16111
1421 2314 1559 2349 dendos
1586 2314 1621 2349 R
1653 2316 1664 2359 ΙΙ
1696 2318 1725 2348 3.
1754 2325 1810 2348 ra.-

115 2368 255 2403 tionem
280 2368 317 2403 R
342 2369 354 2413 ΙΙ
377 2367 606 2402 rettulissem
632 2378 653 2404 ς
678 2369 690 2411 ΙΙ
715 2370 746 2400 5.
774 2368 812 2400 et
834 2369 846 2419 Ι.
861 2367 898 2399 et
924 2366 971 2399 M
992 2367 1002 2409 ΙΙ
1030 2368 1058 2398 Τ.
1087 2362 1267 2398 sestertiis
1295 2364 1339 2405 Ω,
1366 2362 1424 2396 Hs
1451 2373 1472 2398 ς
1503 2364 1514 2406 ΙΙ
1546 2365 1577 2396 8.
1606 2362 1649 2395 dc
1676 2361 1812 2404 quibus

115 2446 182 2469 om.
207 2434 244 2469 R
263 2434 275 2478 ΙΙ
293 2432 440 2477 myrina
464 2433 512 2476 R,
539 2431 685 2476 mjrina
712 2431 767 2475 M,
794 2421 948 2473 unii-ina,
976 2429 987 2463 i
1012 2441 1090 2473 sup.
1117 2440 1165 2463 γε.
1193 2440 1215 2462 α
1241 2439 1284 2462 m.
1308 2430 1339 2469 1,
1367 2427 1399 2459 G
1419 2428 1430 2470 ΙΙ
1454 2430 1505 2460 10.
1534 2425 1632 2469 quod
1658 2425 1732 2459 ium
1760 2425 1813 2465 M,

115 2480 214 2526 quod
242 2481 314 2516 GR
340 2482 352 2525 ΙΙ
379 2484 432 2514 11.
460 2479 702 2525 decessimus]
731 2477 1017 2513 decessissemus
1044 2488 1082 2519 ς,
1115 2475 1390 2510 decesseramus
1416 2474 1484 2507 alii
1509 2476 1520 2517 ΙΙ
1545 2472 1693 2516 quidem
1721 2472 1813 2514 MR,

115 2528 206 2572 quid
233 2528 266 2564 G
291 2529 304 2572 ΙΙ
330 2531 383 2562 12.
411 2538 522 2571 quam
547 2528 627 2561 tum
653 2526 700 2569 R,
727 2527 909 2570 quantum
936 2525 1014 2559 MG
1034 2526 1045 2568 Η
1064 2523 1268 2557 habeamus
1297 2521 1367 2555 GR
1393 2522 1404 2564 ΙΙ
1431 2524 1483 2554 13.
1512 2522 1591 2554 tum
1617 2532 1682 2553 om..
1712 2519 1783 2553 GR
1804 2558 1805 2561 Ἴ

117 2591 170 2622 15.
199 2587 244 2622 de
268 2586 328 2622 Hs
349 2579 391 2633 C]
419 2586 464 2621 de
491 2585 545 2621 cc
572 2577 602 2620 (ἲ
624 2586 678 2628 M,
706 2584 750 2619 de
777 2582 960 2618 sesteroiis
983 2583 1028 2625 G,
1054 2594 1119 2616 om.
1141 2581 1176 2615 R
1196 2582 1206 2624 Η
1226 2579 1275 2625 ei]
1301 2578 1341 2612 hi
1360 2579 1415 2621 M,
1442 2578 1494 2612 hii
1517 2578 1588 2612 GR
1607 2581 1618 2621 u
1640 2581 1693 2611 10.
1715 2576 1809 2610 illud

117 2646 184 2670 om.
204 2634 241 2669 R
259 2635 272 2679 ΙΙ
292 2637 346 2669 17.
373 2633 592 2679 peccuniam
613 2633 660 2667 M
675 2634 686 2677 ΙΙ
707 2631 819 2666 salvis
846 2630 1008 2675 legibus]
1036 2631 1080 2671 cf.
1100 2628 1297 2662 Mommsen
1323 2626 1506 2660 ‘staatsrf
1536 2625 1575 2658 Ι3
1597 2636 1634 2669 p.
1656 2628 1722 2658 ι297
1738 2636 1788 2677 sq.

120 2697 174 2729 18.
205 2688 320 2740 XXII]
350 2693 499 2738 scripsi,
530 2691 631 2726 XXII
658 2692 703 2735 Ω,
731 2689 972 2734 (sestertium)
1007 2687 1066 2721 bis
1092 2688 1130 2721 et
1159 2685 1273 2719 vicies
1302 2685 1510 2738 llf‘gsenbery
1548 2686 1559 2728 Η
1596 2687 1651 2717 20.
1678 2683 1736 2716 Hs
1764 2683 1812 2726 C}

119 2752 303 2788 sesterciis
331 2753 364 2787 G
389 2753 402 2796 ΙΙ
430 2755 484 2786 21.
512 2750 573 2785 1161
600 2751 644 2784 (16
670 2749 744 2783 tuis
772 2749 869 2791 MR,
905 2748 949 2780 de
976 2746 1049 2780 tuis
1078 2746 1110 2779 G
1136 2746 1147 2787 ΙΙ
1173 2748 1227 2778 22.
1256 2744 1314 2777 HS
1341 2744 1366 2777 C
1394 2742 1542 2777 tulisses
1569 2743 1630 2784 M,
1656 2753 1702 2775 ss
1729 2751 1814 2774 con-

118 2800 268 2835 tulisses
296 2800 368 2834 GR
387 2801 399 2843 ΙΙ
418 2803 473 2833 24.
501 2798 594 2832 hacc
620 2798 718 2840 MR,
744 2796 814 2829 hoc
841 2796 873 2829 G
894 2797 904 2839 ΙΙ
924 2795 1087 2827 locutum
1114 2792 1194 2825 MR
1214 2793 1225 2835 Η
1245 2795 1298 2825 25.
1327 2792 1364 2824 te
1389 2793 1487 2835 (mele
1514 2789 1636 2832 exist.)
1662 2800 1727 2822 om.
1751 2789 1782 2821 G
1804 2788 1815 2833 [l

119 2850 175 2882 27.
201 2859 275 2882 non
294 2846 431 2892 scindi]
459 2844 648 2880 conscindi
675 2844 799 2878 malim
819 2854 898 2876 cum
919 2840 1164 2882 Ilirscles'eldc'o
1185 2839 1324 2882 (Herm.
1346 2838 1375 2871 V
1393 2850 1429 2882 p.
1452 2839 1545 2881 297),
1572 2848 1645 2870 mm
1666 2839 1816 2880 propter

118 2895 260 2930 verbum
285 2896 330 2940 (v.
359 2894 512 2939 Georyes
538 2894 585 2927 ib.
613 2891 662 2924 XI
682 2903 720 2936 1).
746 2893 826 2933 127)
852 2889 912 2923 sed
932 2891 1082 2933 propter
1106 2898 1179 2921 *rem
