2242 3496
231 804 378 846 ΟΤΤΟ
412 803 734 847 EDVARDVS
770 802 1032 846 SCHMIDT
1065 802 1364 846 LVDOVICO
1399 802 1843 846 MENDELSSOHN

941 873 981 916 S.
1014 874 1064 916 D.
1098 874 1141 915 P.

305 981 513 1023 Hortanti
546 980 645 1033 tibi,
679 980 742 1020 vir
774 979 1021 1021 doctissime
1056 982 1183 1034 atquc
1216 979 1545 1035 humanissime,
1588 985 1636 1023 ut
1669 980 1886 1023 Ciceronis

187 1051 405 1106 epistulis,
447 1065 628 1105 quarum
669 1050 900 1092 editionem
938 1050 1151 1106 philologi
1190 1052 1276 1092 iam
1309 1051 1382 1092 diu
1415 1052 1490 1093 abs
1530 1055 1571 1093 te
1611 1052 1885 1106 cupidissime

186 1124 451 1176 exspectant,
484 1121 678 1163 tabulam
713 1121 1065 1176 chronologicam
1093 1121 1316 1176 adicerem,
1348 1137 1397 1163 eo
1424 1122 1630 1164 libentius
1659 1123 1888 1164 obsecutus

186 1207 300 1246 sum,
345 1192 458 1246 quod
497 1195 540 1234 et
578 1192 668 1247 ipse
708 1192 752 1233 in
791 1192 1144 1234 commentariolo
1190 1195 1288 1234 ante
1332 1193 1411 1234 hos
1456 1196 1622 1248 septem
1666 1209 1800 1235 annos
1844 1193 1887 1234 in

187 1262 471 1305 Fleckeisenii
520 1262 760 1304 Annalibus
808 1260 968 1319 editol)
1020 1263 1204 1304 multum
1249 1264 1298 1305 de
1342 1263 1536 1318 priorum
1587 1264 1800 1305 editorum
1845 1264 1888 1304 in

183 1334 465 1389 temporibus,
498 1334 656 1388 quibus
690 1334 884 1389 singulae
913 1333 1122 1388 epistulae
1151 1338 1295 1376 essent
1322 1335 1605 1390 conscriptae,
1637 1334 1888 1375 definiendis

183 1404 361 1459 incuria,
391 1419 445 1446 ne
478 1404 615 1446 dicam
648 1405 937 1460 neglegentia,
971 1409 1148 1459 questus
1176 1420 1293 1447 eram
1321 1406 1554 1460 eodemque
1587 1405 1695 1459 loco,
1728 1420 1812 1459 qua
1838 1405 1888 1446 de

185 1490 313 1517 causa
345 1478 388 1517 et
421 1490 505 1530 quo
538 1475 665 1517 modo
698 1490 809 1517 novo
843 1475 997 1517 editori
1030 1476 1312 1530 epistularum
1344 1477 1447 1518 ordo
1479 1476 1689 1518 historica
1720 1476 1887 1517 ratione

183 1546 236 1587 ad
267 1547 479 1601 temporis
516 1546 710 1588 ordinem
750 1546 987 1601 seriemque
1026 1561 1169 1588 rerum
1206 1547 1453 1589 referendus
1494 1550 1624 1602 esset,
1670 1547 1887 1602 copiosius

184 1631 478 1672 exposueram.
535 1616 653 1666 Quae
687 1632 784 1660 cum
818 1632 1049 1672 monerem,
1080 1620 1148 1659 tot
1181 1621 1388 1673 tantaque
1422 1634 1445 1659 a
1477 1618 1579 1659 viris
1607 1617 1744 1660 doctis
1771 1633 1887 1672 prae-

185 1687 295 1729 sidia
327 1687 433 1729 mihi
461 1688 513 1729 ad
540 1689 814 1743 quaestiones
841 1687 938 1729 illas
967 1688 1295 1744 chronologicas
1326 1692 1454 1744 atque
1480 1689 1711 1731 historicas
1739 1689 1888 1730 diiudi-

185 1759 342 1800 candas
373 1762 548 1814 praesto
581 1774 673 1800 esse
707 1758 978 1813 videbantur,
1020 1762 1069 1800 ut
1101 1762 1240 1800 totam
1272 1760 1393 1801 illam
1432 1760 1714 1814 epistularum
1754 1771 1886 1801 συνα-

184 1831 343 1884 γωγήν,
366 1844 473 1884 quae
495 1830 627 1871 Tullii
646 1829 820 1872 nomine
841 1829 967 1871 nobis
989 1833 1160 1871 servata
1180 1834 1259 1886 est,
1278 1834 1394 1872 recte
1416 1830 1666 1872 distinctam
1687 1834 1886 1885 recteque

182 1901 235 1942 ad
267 1903 463 1955 tempora
495 1900 710 1956 digestam
742 1899 1018 1954 antiquitatis
1053 1900 1258 1943 studiosis
1295 1902 1415 1943 brevi
1454 1903 1647 1956 tempore
1686 1916 1753 1943 me
1793 1916 1887 1956 pro—

185 1985 343 2025 ponere
375 1985 502 2025 posse
535 1985 764 2025 sperarem.

300 2042 364 2084 Ac
408 2035 610 2096 primum'
643 2042 815 2096 quidem
865 2057 995 2097 opera
1041 2058 1137 2084 cum
1181 2043 1400 2086 Ludovico
1448 2043 1614 2085 Gurlitt
1658 2044 1886 2086 coniuncta

180 2112 463 2154 Brutinarum
511 2112 815 2167 epistularum,
866 2127 1047 2166 quarum
1098 2114 1235 2155 adhuc
1278 2115 1399 2155 nulla
1443 2117 1584 2156 exstat
1629 2115 1760 2156 editio
1804 2115 1886 2156 hoc

181 2182 354 2238 quidem
397 2183 569 2224 nomine
616 2183 765 2237 digna,
809 2184 1027 2237 exemplar
1059 2198 1313 2239 componere
1354 2184 1538 2226 institui.
1596 2185 1655 2226 At
1692 2186 1737 2226 in
1774 2185 1886 2241 frag-

182 2253 340 2294 mentis
372 2253 693 2307 deperditorum
714 2253 766 2294 ad
786 2252 842 2294 M.
864 2252 1049 2294 Brutum
1069 2254 1279 2296 librorum
1301 2254 1409 2297 VIII
1437 2271 1488 2298 ex
1509 2255 1664 2298 ceteris
1685 2256 1884 2310 epistulis

182 2323 456 2379 colligendis,
496 2324 537 2364 id
571 2323 685 2378 quod
722 2338 811 2365 non
846 2324 971 2365 nimii
1008 2325 1170 2366 laboris
1209 2340 1302 2367 esse
1339 2329 1612 2381 putaveram,
1650 2326 1885 2368 multorum

181 2408 392 2437 annorum
419 2394 569 2448 otium,
597 2395 711 2449 quod
739 2393 910 2451 quidem
938 2395 1154 2450 gymnasii
1179 2398 1532 2452 praeceptoribus
1559 2398 1765 2452 pusillum
1792 2412 1884 2439 esse

180 2466 310 2521 solet,
351 2480 418 2507 me
451 2465 769 2520 consumpsisse
801 2480 891 2507 non
923 2465 1013 2508 sine
1047 2467 1317 2522 aegritudine
1355 2468 1558 2510 intellexi.
1616 2467 1885 2523 Quamquam

181 2537 295 2579 enim
335 2536 547 2592 plurimae
580 2536 878 2578 Tullianarum
917 2538 1201 2592 epistularum
1235 2538 1475 2593 particulae
1507 2554 1532 2580 a
1564 2539 1746 2595 singulis
1780 2540 1883 2581 viris

181 2607 320 2649 doctis
353 2621 510 2663 magno
544 2621 641 2649 cum
674 2607 837 2663 ingenii
869 2608 1064 2650 acumine
1097 2611 1224 2664 atque
1258 2610 1496 2665 sagacitate
1536 2609 1790 2664 disquisitae
1823 2613 1884 2651 at-

181 2691 262 2731 que
284 2677 504 2719 ordinatae
527 2681 661 2732 erant,
689 2681 834 2720 tamen
854 2679 897 2720 in
916 2679 1072 2721 horum
1098 2694 1228 2734 opera
1249 2682 1293 2722 et
1311 2680 1480 2722 iudiciis
1500 2683 1549 2722 ut
1569 2681 1883 2735 acquiescerem

179 2761 266 2789 non
307 2747 539 2802 impetrare
578 2748 630 2789 ab
671 2749 812 2790 animo
850 2749 993 2805 potui,
1037 2751 1150 2804 quod
1188 2765 1265 2792 sua
1303 2750 1482 2806 quisque
1520 2752 1591 2793 via
1629 2765 1677 2793 ac
1715 2751 1882 2792 ratione

180 2816 390 2873 epistulas
423 2818 631 2872 quasdam
663 2819 919 2874 digesserat,
958 2822 1100 2861 totum
1132 2834 1233 2861 vero
1266 2821 1550 2875 epistularum
1590 2835 1744 2875 corpus
1782 2825 1883 2875 post

178 2887 417 2930 Iohannem
444 2889 493 2930 de
521 2887 690 2930 Gruber
721 2888 875 2944 (1836)
907 2904 1033 2931 nemo
1067 2890 1216 2931 eadem
1249 2893 1340 2932 arte
1371 2893 1414 2932 et
1440 2891 1607 2933 ratione
1635 2891 1882 2946 complexus

181 2962 283 3000 erat.
342 2959 633 3009 Quamobrem
666 2973 799 3014 paene
831 2974 908 3014 per
940 2962 1106 3014 septem
1138 2975 1271 3002 annos
1303 2961 1516 3016 laboravi,
1557 2964 1606 3003 ut
1638 2961 1882 3003 universam

180 3027 477 3072 Tullianarum
515 3029 799 3085 epistularum
842 3031 1106 3085 συναγωγὴν
1146 3031 1269 3086 quasi
1313 3045 1441 3073 unam
1486 3034 1703 3074 texturam
1748 3032 1882 3074 diver-

300 3158 334 3202 1)
359 3155 483 3193 Fleck.
511 3159 604 3193 Ann.
634 3161 724 3192 1884
751 3170 785 3203 p.
808 3161 874 3192 331
891 3169 944 3208 sq.
