2242 3496
670 158 1003 195 EPISTVLARVM
1034 161 1073 196 X.
1104 166 1157 196 21.
1186 166 1260 197 21¹¹.
1288 166 1341 197 22.
1769 165 1845 205 261

157 265 281 307 vobis
319 265 512 320 paratior
547 265 632 307 fuit
674 267 913 322 quisquam.
975 284 1105 324 quare
1144 270 1294 313 hortor
1333 274 1393 325 te,
1435 272 1492 313 mi
1531 270 1699 326 Cicero,
1741 288 1853 315 exer-

157 335 291 378 citum
325 335 406 377 hoc
439 336 722 379 traiciendum
750 353 877 393 quam
904 341 1089 394 primum
1117 355 1237 383 cures
1270 345 1312 384 et
1345 345 1546 398 matures,
1578 343 1696 398 prius
1724 359 1852 398 quam

156 405 304 448 hostes
338 407 475 462 magis
509 409 849 451 conroborentur
874 414 917 452 et
944 412 1080 453 nostri
1108 413 1431 466 perturbentur:
1465 414 1506 455 in
1534 428 1618 469 quo
1645 413 1681 456 si
1709 415 1854 458 celeri-

158 479 225 518 tas
262 477 346 518 erit
382 477 595 534 adhibita,
635 495 699 521 res
732 496 770 535 p.
805 481 847 522 in
886 483 1156 536 possessione
1196 483 1402 526 victoriae
1440 484 1592 526 ‹leletis
1631 485 1851 528 sceleratis

121 549 438 603 bpermanebit.
500 549 567 591 fac
600 550 740 593 valeas
773 566 924 606 meque
958 552 1125 608 diligas.

827 703 996 757 <XXI⁸.
1041 706 1176 760 (394.)

693 809 958 852 PLANCVS
992 810 1315 866 CICERONI.)

272 902 469 945 Fratrem
502 918 643 946 meum
676 905 776 959 tibi,
807 904 1095 947 fortisslmum
1128 907 1263 948 civem
1295 910 1338 948 et
1370 909 1422 949 ad
1455 909 1598 950 omnia
1632 910 1849 963 paratissi-

153 988 288 1027 mum,
331 988 529 1016 excusem
568 974 755 1016 litteris?
806 975 879 1030 qui
918 990 967 1016 ex
1007 976 1153 1018 labore
1191 976 1236 1018 in
1272 977 1528 1021 febriculam
1560 979 1710 1022 incidit
1749 982 1851 1024 assi-

100 1044 280 1086 roduam
312 1047 355 1087 et
387 1044 494 1086 satis
527 1045 767 1087 molestam.
824 1061 920 1088 cum
947 1046 1134 1101 primum
1165 1049 1339 1103 poterit,
1375 1050 1483 1091 istoc
1516 1066 1732 1094 recurrere
1764 1068 1850 1094 non

152 1115 388 1170 dubitabit,
430 1130 483 1157 ne
528 1130 613 1171 quo
654 1117 750 1158 loco
788 1119 849 1159 rei
888 1133 926 1172 p.
966 1118 1087 1160 desit.
1150 1134 1290 1161 meam
1335 1121 1592 1175 dignitatem
1637 1138 1849 1165 commen-

151 1186 296 1228 datam
333 1186 511 1242 habeas,
549 1202 668 1244 rogo.
730 1189 1030 1243 concupiscere
1068 1204 1135 1231 me
1173 1190 1280 1232 nihil
1321 1195 1510 1248 oportet3
1548 1193 1685 1235 habeo
1725 1197 1768 1236 te
1807 1197 1850 1236 et

149 1257 495 1300 amantissimum
529 1259 613 1300 mei
645 1262 700 1313 et,
733 1260 847 1314 quod
874 1261 1031 1314 optavi,
1064 1275 1254 1303 summae
1282 1262 1573 1305 auctoritatis:
1607 1267 1653 1305 tu
1682 1265 1849 1319 videris,

149 1332 358 1383 quantum
397 1332 440 1370 et
479 1330 648 1384 quando
688 1334 810 1372 tuum
849 1346 1003 1373 munus
1043 1333 1153 1386 apud
1193 1348 1259 1374 me
1300 1334 1402 1375 velis
1442 1349 1552 1389 esse3
1598 1339 1767 1378 tantum
1805 1339 1848 1378 te

91 1414 126 1440 15
145 1413 264 1455 rogo,
295 1400 341 1441 in
372 1399 507 1442 Hirtii
540 1401 682 1444 locum
714 1416 781 1443 me
815 1403 970 1444 subdas
1004 1405 1048 1444 et
1080 1404 1132 1444 ad
1165 1406 1289 1445 tuum
1326 1419 1515 1447 amorem
1549 1409 1591 1447 et
1623 1407 1674 1448 ad
1709 1422 1847 1448 meam

145 1470 476 1513 observantiam.

834 1566 972 1608 XXII.
1022 1565 1160 1623 (424.)

753 1659 964 1703 CICERO
999 1660 1243 1704 PLANCO.

262 1755 311 1797 In
343 1758 386 1797 te
419 1758 463 1797 et
494 1755 539 1796 in
571 1755 738 1811 collega
765 1755 905 1797 omm's
939 1770 1037 1810 spes
1070 1759 1136 1797 est
1169 1756 1233 1797 dis
1267 1756 1619 1811 adprobantibus.
1677 1773 1848 1800 concor-

89 1842 123 1867 20
143 1827 213 1868 dia
250 1829 412 1881 vestra,
455 1841 563 1881 quae
604 1826 771 1868 senatui
810 1827 1027 1868 declarata
1067 1827 1227 1868 litteris
1265 1828 1422 1869 vestris
1463 1831 1546 1882 est,
1588 1828 1766 1871 mirifice
1805 1833 1848 1870 et

143 1900 316 1940 senatus
356 1900 399 1939 et
437 1900 592 1941 cuncta
633 1897 785 1940 civitas
829 1897 1041 1940 delectata
1078 1900 1154 1940 est.
1217 1899 1372 1953 †quod
1411 1899 1463 1940 ad
1503 1914 1570 1941 me
1608 1900 1842 1954 scripseras
1871 1914 1889 1940 ἰ

142 1970 193 2012 de
231 1984 276 2011 re
316 1968 505 2025 agraria,
543 1969 580 2010 si
618 1969 841 2011 consultus
881 1971 1056 2010 senatus
1096 1972 1228 2024 esset,
1267 1972 1315 2010 ut
1355 1970 1535 2025 quisque
1567 1970 1848 2012 honorificen-

143 2040 358 2083 tissimam
391 2040 441 2082 de
475 2043 516 2082 te
550 2040 807 2082 sententiam
849 2040 1048 2096 dixisset,
1085 2055 1179 2082 eam
1218 2043 1390 2082 secutus
1429 2056 1585 2096 essem,
1625 2041 1698 2096 qui
1730 2044 1844 2083 certe

143 2126 223 2168 ego
250 2112 448 2165 fuissem3
481 2112 566 2166 sed,
598 2114 777 2166 propter
803 2111 1055 2154 tarditatem
1086 2111 1400 2152 sententiarum
1426 2127 1678 2166 moramque
1705 2127 1848 2154 rerum

90 2197 124 2222 25
143 2198 241 2226 cum
278 2198 345 2238 ea,
384 2198 492 2238 quae
533 2182 886 2236 consulebantur,
926 2181 978 2223 ad
1016 2183 1178 2223 exitum
1211 2197 1297 2223 non
1330 2182 1621 2238 pervenirent,
1660 2198 1846 2225 commo-

143 2254 369 2296 dissimum
408 2254 514 2295 mihi
551 2253 798 2308 Plancoque
842 2253 968 2294 fratri
1013 2252 1197 2294 visumst
1235 2252 1299 2294 uti
1339 2267 1406 2306 eo,
1453 2254 1567 2307 quod
1604 2269 1656 2295 ne
1695 2257 1846 2296 nostro

143 2324 357 2366 arbitratu
403 2327 740 2379 conponeretur‚
784 2324 879 2379 quis
923 2322 1057 2364 fuerit
1102 2323 1432 2378 impedimento,
1477 2323 1667 2365 arbitror
1710 2327 1752 2365 te
1797 2339 1846 2366 ex

261 2456 294 2487 2.
320 2451 391 2486 hoc
417 2452 519 2495 ΜΗ,
551 2452 623 2487 huc
656 2464 706 2487 cm
737 2452 807 2486 hoc
831 2452 873 2485 in
897 2451 936 2486 D
961 2452 1008 2486 sit
1033 2462 1107 2486 ozon
1139 2451 1250 2497 liquet
1285 2453 1296 2496 11
1335 2454 1366 2486 9.
1394 2452 1582 2497 excusem]
1615 2462 1747 2486 excuse
1774 2452 1822 2486 M
1826 2452 1846 2496 ¹,

143 2509 294 2535 excuses
327 2500 411 2542 Mc,
449 2509 585 2534 excusa
618 2499 707 2534 HD.
748 2502 866 2544 potest
895 2499 976 2542 fieri
1005 2503 1048 2534 ut
1080 2509 1214 2534 excuso
1249 2521 1274 2523 -ν
1313 2500 1363 2534 ita
1397 2500 1471 2533 ‘iam
1503 2510 1523 2536 ς
1553 2519 1590 2523 —-
1619 2500 1848 2535 scribendum

141 2549 190 2583 sit
221 2558 301 2582 cum
333 2547 472 2582 Koa-hio
505 2547 654 2591 (Philol.
682 2547 774 2581 Ana.
802 2545 834 2579 V
856 2547 1021 2591 p.161):
1061 2550 1180 2581 tamen
1210 2558 1254 2581 ne
1285 2548 1337 2581 sic
1367 2547 1510 2592 quidem
1538 2567 1578 2571 —
1607 2547 1701 2591 quod
1732 2547 1848 2582 voluit

142 2595 202 2630 ille
230 2615 272 2619 -—
299 2595 443 2640 siynwm
470 2594 721 2639 interrogandi
753 2593 947 2628 tollendum
979 2598 1081 2636 esset,
1112 2594 1172 2629 sed
1198 2594 1409 2638 putandum
1441 2594 1623 2629 Plancum
1655 2605 1750 2629 more
1775 2605 1845 2629 ser-

141 2643 258 2678 monis
289 2642 492 2684 familiaris
524 2642 722 2676 indicativo
752 2651 870 2685 praes.
897 2644 999 2685 temp.
1026 2651 1131 2675 usum
1161 2652 1231 2676 esse
1257 2652 1327 2686 pro
1359 2641 1588 2676 coniunctivo
1615 2641 1816 2677 dubitativo
1844 2679 1845 2682 ,

144 2693 198 2724 10.
226 2688 322 2724 istoc
349 2688 408 2732 M,
441 2687 538 2723 istuc
565 2688 646 2723 HD
682 2690 694 2732 ΙΙ
732 2691 785 2722 11.
815 2686 1007 2721 dubitauit
1032 2687 1082 2722 M
1114 2689 1125 2732 ΙΙ
1164 2691 1217 2722 12.
1251 2686 1344 2722 nihil
1371 2698 1429 2722 me
1456 2688 1499 2722 H
1533 2690 1544 2732 11
1581 2691 1636 2723 23.
1664 2693 1845 2733 corrupta.

144 2735 310 2781 dixisset,
337 2735 402 2780 qui
428 2746 510 2770 eam
537 2737 684 2770 secutus
712 2735 809 2770 esset
834 2736 968 2779 (essem
995 2735 1139 2770 Krauss
1167 2734 1256 2770 ‘Oia
1283 2746 1334 2780 ep.
1344 2742 1424 2770 'em
1431 2735 1440 2751 ’
1465 2747 1503 2780 p.
1525 2737 1584 2776 31)
1611 2736 1710 2769 certe
1732 2736 1844 2771 Grae-

143 2785 242 2828 vius,
278 2795 353 2819 ‘non
384 2787 486 2819 reete.
536 2783 592 2818 nil
622 2783 696 2818 nisi
728 2782 827 2817 esset
858 2783 895 2826 (ι’
923 2794 950 2817 e.
976 2783 1136 2827 senatus)
1164 2794 1232 2827 pro
1266 2792 1384 2816 essem
1415 2793 1505 2818 corr.
1539 2782 1665 2828 Kleyn
1699 2784 1844 2828 (1212).

142 2831 204 2867 sed
227 2842 310 2866 cum
333 2832 386 2866 sic
411 2831 518 2866 verba
544 2829 608 2875 qui
628 2841 657 2865 c.
679 2841 708 2864 e.
730 2828 883 2864 fuissem
909 2830 1137 2873 offensionem
1162 2830 1330 2873 habeant,
1354 2830 1578 2864 scribendam
1602 2834 1710 2874 puto:
1737 2831 1846 2875 esset,

143 2877 183 2913 in
208 2877 302 2923 quis.
329 2880 434 2914 cuius
460 2879 652 2914 locutionis
677 2877 837 2921 exempla
862 2888 893 2912 v.
919 2877 1021 2921 apud
1041 2876 1236 2912 Handium
1259 2877 1362 2911 Tws.
1383 2877 1434 2911 ΠΙ
1454 2889 1492 2921 p.
1514 2879 1593 2920 252,
1616 2879 1847 2921 pronominis

143 2926 280 2969 formae
311 2937 370 2970 ap.
403 2925 563 2960 Nouium
597 2925 795 2960 ‘IormenL
828 2924 862 2958 cl.
896 2923 1323 2969 lac.Spr.’11²p.234
1357 2928 1390 2959 et
1422 2924 1471 2958 W
1470 2925 1654 2968 o'llflinum
1685 2925 1733 2959 ad
1767 2925 1843 2960 bell.

144 2972 228 3014 Afr.
256 2975 312 3017 96,
332 2976 364 3008 2.
391 2973 544 3018 denique
570 2984 613 3007 oze
638 2973 679 3007 in
703 2972 934 3007 collocatione
959 2971 1145 3006 verborum
1171 2971 1332 3015 offendas
1354 2992 1393 2995 —
1421 2972 1580 3014 forsitan
1605 2974 1846 3016 eaepectaverzs

146 3018 312 3063 dixisset,
339 3019 378 3054 in
403 3019 487 3064 quis
514 3032 542 3055 c.
565 3031 593 3055 e⁴
616 3019 652 3064 f.‚
681 3030 760 3054 eam
789 3029 858 3053 sec.
887 3019 985 3052 esset
1007 3039 1060 3061 -‚
1087 3020 1132 3060 cf.
1159 3019 1322 3064 exempla
1347 3019 1392 3053 ab
1413 3018 1462 3054 H.
1478 3018 1704 3054 Hellmuthio
1719 3030 1843 3064 prom.

144 3066 373 3148 gVircebwry.
401 3070 492 3102 1888
514 3079 551 3112 p.
575 3070 617 3102 16
643 3068 790 3103 collecta
817 3067 828 3110 ΙΙ
856 3068 911 3101 26.
940 3064 1061 3100 uisum
1087 3065 1144 3100 est
1170 3065 1250 3101 HD
1274 3068 1286 3110 ΙΙ
1311 3067 1371 3111 eo]
1398 3076 1440 3100 eo
1468 3064 1524 3111 (s,
1551 3065 1610 3112 c.)
1635 3066 1845 3110 Manutius,

166 3123 236 3150 ene.
265 3125 292 3149 s.
319 3124 348 3149 c.
379 3114 501 3150 Orelli·
