2242 3496
650 208 983 245 EPlSTVLAnvM
1013 212 1070 246 lV.
1098 217 1128 247 εἰ.
1157 217 1187 247 ss.
1217 217 1245 247 ῒ.
1731 217 1786 258 8ἴ1

97 316 260 358 luctum
294 315 484 368 ipsorum
516 315 705 369 dignitas
738 318 1031 360 consolaretur
1062 335 1132 374 ea,
1164 336 1291 375 quam
1325 337 1373 363 ex
1408 338 1452 364 re
1486 323 1657 377 publica
1689 340 1783 365 eon-

97 385 401 440 sequebantur3
433 385 538 427 mihi
572 390 715 428 autem
749 389 919 429 amissis
953 392 1216 432 ornamentis
1249 393 1322 445 eis,
1355 408 1461 447 quae
1489 394 1578 447 ipse
1606 410 1783 435 comme·
1812 409 1830 435 :2

97 469 240 498 moras
278 470 472 510 quaeque
516 471 632 497 eram
672 459 868 499 maximis
913 460 1132 501 laboribus
1177 463 1374 516 adeptus,
1419 479 1548 505 unum
1587 465 1783 506 manebat

97 526 202 568 illud
235 525 462 580 solacium,
495 527 608 580 quod
641 532 835 581 ereptum
868 533 953 570 est:
986 545 1070 572 non
1104 533 1336 574 amicorum
1372 534 1575 588 negotiis,
1607 550 1689 576 non
1726 536 1782 576 rei

3 638 10 644 ,
60 596 292 652 spublicae
335 597 639 652 procuratione
685 598 1029 652 impediebantur
1072 603 1356 656 cogitationes
1403 620 1539 657 meae,
1590 605 1693 646 nihil
1742 606 1783 646 in

94 666 189 709 foro
220 680 347 722 agere
378 666 561 720 libebat,
599 668 787 721 aspicere
821 670 982 711 curiam
1014 687 1098 713 non
1134 677 1346 728 poteram,
1387 675 1704 730 existimabam,
1743 676 1781 716 id

94 738 208 793 quod
239 741 350 791 erat,
391 738 532 779 omnis
570 753 636 779 me
670 742 713 779 et
745 739 981 782 industriae
1021 757 1136 783 meae
1176 745 1338 785 fructus
1378 749 1419 786 et
1460 746 1654 787 fortunae
1694 762 1782 801 per-

93 807 271 864 didisse,
310 809 402 862 sed,
440 823 538 851 cum
576 809 813 864 cogitarem
852 811 956 853 haec
994 812 1099 853 mihi
1138 817 1280 855 tecum
1319 819 1361 856 et
1400 831 1494 857 eum
1528 817 1780 871 quibusdam

92 893 186 921 esse
223 879 485 930 communia,
523 883 567 921 et
605 895 703 921 cum
740 880 983 936 frangerem
1024 883 1107 924 iam
1147 884 1236 938 ipse
1279 900 1344 926 me
1387 901 1667 941 cogeremque
1709 888 1783 928 illa

40 967 74 992 ιο
90 949 203 992 ferre
229 950 479 1006 toleranter,
504 950 728 1005 habebam,
756 966 840 1005 quo
868 952 1154 1008 confugerem,
1181 954 1253 995 ubi
1280 957 1636 1011 conquiescerem,
1662 958 1780 999 euius

90 1021 136 1063 in
167 1035 364 1064 sermone
401 1024 445 1064 et
483 1021 698 1063 suavitate
738 1023 878 1063 omnis
911 1038 1034 1064 curas
1074 1025 1325 1079 doloresque
1358 1027 1628 1081 deponerem:
1669 1044 1780 1070 nunc

0 1087 9 1138 ¹1
91 1094 235 1134 autem
277 1092 360 1134 hoc
397 1094 488 1134 tam
525 1092 648 1147 gravi
688 1092 859 1134 vulnere
901 1093 1031 1135 etiam
1070 1095 1161 1148 illa,
1206 1110 1313 1150 quae
1358 1099 1632 1140 consanuisse
1671 1099 1780 1141 vide-

0 1150 5 1165 ’
90 1163 260 1216 bantur,
292 1163 617 1218 recrudescunt,
648 1177 735 1204 non
767 1164 899 1218 enim,
931 1168 979 1206 ut
1011 1168 1103 1206 tum
1135 1181 1201 1207 me
1234 1181 1258 1206 a
1289 1182 1333 1207 re
1366 1168 1538 1220 publica
1570 1172 1780 1210 maestum

89 1234 242 1276 domus
286 1234 546 1290 excipiebat,
590 1249 698 1289 quae
737 1234 915 1287 levaret,
959 1235 1020 1277 sic
1057 1251 1168 1277 nunc
1206 1237 1331 1278 domo
1372 1253 1563 1279 maerens
1601 1240 1652 1280 ad
1691 1254 1778 1280 rem

0 1307 1 1314 ’
38 1320 72 1346 15
89 1305 310 1360 publicam
347 1305 580 1361 confugere
617 1319 813 1360 possum,
855 1308 903 1346 ut
934 1306 977 1346 in
1011 1307 1100 1348 eius
1141 1308 1263 1348 bonis
1302 1308 1586 1361 adquiescam.
1635 1310 1779 1364 itaque

88 1379 133 1418 et
172 1375 300 1418 domo
345 1375 498 1418 absum
536 1378 580 1417 et
618 1375 730 1430 foro,
776 1377 889 1431 quod
927 1391 1004 1418 nec
1042 1392 1138 1418 eum
1183 1378 1391 1433 dolorem,
1436 1394 1559 1433 quem
1605 1381 1697 1433 †ad
1736 1396 1779 1422 re

86 1447 262 1502 publica
305 1446 451 1502 capio,
495 1447 648 1489 domus
691 1447 778 1488 iam
824 1448 1037 1489 consolari
1081 1451 1225 1503 potest
1269 1463 1345 1490 nec
1389 1449 1669 1501 domesticum
1714 1465 1779 1491 res

86 1518 272 1574 publica.
323 1531 408 1573 quo
441 1517 580 1573 magis
612 1521 656 1560 te
689 1521 868 1573 expecto
897 1521 1022 1573 teque
1050 1519 1191 1561 videre
1219 1534 1347 1573 quam
1373 1519 1558 1572 primum
1584 1520 1706 1574 cupio
1727 1545 1774 1550 —
1804 1534 1824 1562 3

86 1588 267 1644 †maior
298 1587 406 1630 mihi
437 1589 557 1631 natio
590 1589 697 1631 mihi
729 1588 894 1630 adferre
926 1588 1045 1630 nulla
1077 1592 1220 1643 potest
1254 1604 1381 1643 quam
1408 1589 1650 1632 coniunctio
1683 1606 1780 1632 con-

34 1676 68 1701 20
87 1659 326 1702 suetudinis
359 1674 690 1714 sermonumque
722 1663 971 1701 nostrorum
1005 1676 1074 1714 —3
1111 1674 1371 1714 quamquam
1403 1659 1623 1714 sperabam
1657 1664 1778 1702 tuum

84 1731 317 1773 adventum
346 1755 396 1761 —
426 1731 489 1772 sic
520 1731 633 1773 enim
667 1731 894 1773 audiebam
925 1755 974 1760 —
1004 1730 1358 1785 adpropinquare.
1408 1744 1487 1785 ego
1515 1734 1657 1771 autem
1684 1746 1778 1772 cum

85 1801 234 1844 multis
271 1802 322 1844 de
359 1801 501 1844 causis
538 1804 582 1844 te
620 1805 777 1856 exopto
817 1816 946 1856 quam
984 1801 1171 1856 primum
1209 1801 1370 1852 videre,
1414 1803 1506 1841 tum
1545 1801 1691 1855 etia-m,
1731 1805 1780 1842 ut

84 1875 184 1915 ante
223 1875 563 1915 commentemur
599 1874 714 1915 inter
750 1888 847 1928 nos,
889 1888 973 1927 qua
1011 1872 1177 1914 ratione
1214 1872 1341 1913 nobis
1379 1871 1685 1912 traducendum
1723 1872 1780 1913 sit

83 1943 165 1986 hoc
197 1947 380 1998 tempus,
413 1944 526 1999 quod
558 1947 625 1986 est
656 1947 800 1986 totum
833 1944 886 1985 ad
916 1943 1043 1984 unius
1076 1943 1346 1985 voluntatem
1373 1943 1779 1984 accommodandum

31 2029 65 2056 25
84 2017 129 2056 et
158 2014 383 2070 prudentis
415 2018 460 2056 et
490 2014 683 2057 liberalis
716 2018 776 2069 et,
808 2017 857 2056 ut
888 2014 1156 2068 perspexisse
1189 2013 1355 2065 videor,
1386 2027 1464 2054 nec
1496 2027 1520 2053 a
1553 2027 1619 2053 me
1651 2013 1777 2054 alieni

83 2087 128 2126 et
157 2085 242 2127 tibi
273 2085 544 2141 amicissimi3
582 2086 696 2141 quod
734 2100 831 2127 cum
863 2085 925 2126 ita
957 2085 1032 2139 sit,
1070 2098 1251 2139 magnae
1291 2087 1435 2124 tamen
1472 2086 1537 2123 est
1574 2082 1778 2124 delibera-

82 2155 234 2210 tionis,
272 2171 380 2211 quae
412 2156 524 2197 ratio
556 2156 615 2198 sit
645 2157 831 2198 ineunda
866 2156 993 2197 nobis
1024 2170 1112 2197 non
1144 2154 1297 2210 agendi
1336 2153 1515 2207 aliquid,
1554 2153 1625 2194 sed
1659 2152 1775 2194 illius

82 2241 288 2270 concessu
319 2229 364 2269 et
394 2227 602 2270 beneficio
635 2226 891 2283 quiescendi.
942 2226 1046 2267 vale.

0 821 10 835 .

0 842 7 916 Ξ

789 2355 884 2397 VH.
929 2352 1066 2409 (222.)

27 2473 62 2499 ω
480 2451 537 2493 Μ.
571 2449 778 2493 CICERO
814 2448 853 2491 S.
881 2449 931 2490 D.
958 2448 1014 2490 M.
1046 2446 1373 2489 MARCELLO.

196 2532 295 2575 Etsi
327 2547 377 2575 eo
408 2536 452 2575 te
485 2533 623 2575 adhuc
661 2532 839 2575 consilio
878 2546 1003 2573 usum
1034 2530 1259 2584 intellego,
1297 2531 1345 2569 ut
1382 2528 1424 2569 id
1462 2528 1765 2582 reprehendere
1795 2540 1810 2568 1

79 2618 165 2646 non
203 2603 402 2659 audeam,
438 2619 526 2646 non
558 2604 661 2658 quin
693 2604 746 2644 ab
779 2617 828 2644 eo
862 2603 952 2656 ipse
985 2600 1254 2654 dissentiam,
1292 2599 1364 2640 sed
1402 2598 1514 2652 quod
1551 2612 1601 2638 ea
1632 2600 1674 2638 te
1707 2613 1769 2638 sa-

198 2735 229 2767 1.
255 2731 398 2767 luctum
426 2732 514 2774 GR,
547 2731 623 2765 lum
650 2730 698 2764 M
723 2732 735 2774 11
766 2733 798 2764 2.
826 2728 953 2763 amisis
982 2728 1028 2761 M
1053 2729 1064 2771 ΙΙ
1095 2726 1164 2771 018]
1192 2725 1249 2759 his
1276 2727 1326 2767 Ω,
1359 2724 1404 2758 118
1431 2736 1451 2761 ς
1488 2727 1500 2768 ΙΙ
1537 2727 1566 2758 3.
1602 2724 1640 2757 et
1670 2735 1765 2767 quae

79 2789 183 2814 eram
203 2779 238 2815 G
254 2780 267 2824 11
286 2783 319 2815 4.
338 2778 446 2813 illum
465 2779 512 2813 M
528 2780 539 2822 ΙΙ
561 2781 588 2812 7.
611 2778 685 2823 1110]
711 2777 799 2810 tuae
821 2776 855 2811 G
874 2778 885 2818 ΙΙ
906 2779 935 2809 9.
957 2784 1197 2819 cogeremque
1219 2773 1300 2815 GR,
1327 2782 1494 2817 cogerem
1515 2772 1563 2805 M
1578 2773 1588 2814 ΙΙ
1611 2775 1661 2804 lo.
1684 2781 1766 2822 1-011-

78 2825 245 2872 fugerem
270 2826 317 2870 R,
344 2824 574 2870 confugirem
600 2825 660 2868 M,
687 2824 851 2868 fugerem
880 2823 912 2857 G
938 2823 949 2864 ΙΙ
976 2826 1028 2855 1⁴2.
1056 2818 1293 2854 consanuisse
1319 2818 1378 2860 M,
1406 2817 1638 2852 consenuisse
1667 2818 1737 2852 GR
1764 2819 1768 2860 f

81 2876 134 2908 13.
154 2883 213 2908 1110
233 2873 272 2920 0]
298 2883 383 2908 mea
402 2873 495 2916 MR,
523 2883 544 2906 a
565 2872 599 2907 G
617 2873 629 2915 ΙΙ
649 2875 702 2905 14.
731 2880 874 2904 marens
901 2869 947 2902 M
962 2870 973 2911 u
996 2872 1047 2901 16.
1076 2867 1124 2901 ad
1147 2866 1208 2900 M¹
1234 2877 1322 2901 corr.
1350 2867 1390 2899 in
1416 2876 1462 2899 ax
1488 2867 1524 2906 (a
1545 2877 1588 2898 ea:
1608 2875 1652 2898 ax
1676 2864 1765 2907 Ms),

79 2919 126 2955 de
151 2920 236 2965 GR,
262 2930 283 2955 e
302 2921 518 2963 Lambinus,
542 2919 608 2954 del.
637 2918 846 2961 li'esenbe-ry
872 2918 883 2958 ΙΙ
910 2919 962 2949 19,
990 2913 1108 2948 1110101·
1133 2912 1224 2947 mihi
1249 2912 1352 2947 natio
1378 2911 1468 2945 mihi
1495 2911 1637 2944 adseire
1663 2910 1767 2944 nulla

79 2967 140 3012 M,
175 2966 297 3002 maius
327 2966 422 3002 mihi
456 2965 636 3001 solacium
671 2962 860 3005 (solatium
895 2963 945 3005 R)
984 2961 1114 2996 afferre
1144 2959 1241 2994 ratio
1274 2959 1375 2993 nulla
1408 2959 1495 3000 GR,
1536 2963 1572 3009 uf
1593 2958 1765 3009 'equidefn

74 3018 166 3059 puto
186 3035 229 3040 -
249 3014 356 3050 aliter
382 3014 581 3049 fflreichero
607 3014 660 3056 (p.
684 3012 765 3055 151)
790 3011 905 3045 visum
926 3028 967 3033 -
989 3020 1032 3042 eae
1059 3008 1342 3051 interpolaeimae.
1370 3005 1486 3039 maior
1511 3004 1601 3038 m1h1
1628 3003 1765 3038 levatio

80 3061 148 3105 (vel
176 3061 296 3096 maior
327 3060 427 3096 enim
455 3059 597 3095 levatio
628 3057 734 3101 mihi)
767 3055 889 3091 afferri
920 3057 1125 3100 corriyzmt,
1161 3055 1254 3099 quod
1286 3055 1363 3088 iure
1395 3052 1546 3103 respuit·
1561 3051 1737 3085 Streicher

79 3110 135 3142 24.
161 3107 478 3143 aoeomodandum
503 3107 553 3142 M
577 3108 590 3151 ΙΙ
621 3110 675 3140 25.
704 3116 725 3138 a
753 3105 802 3146 G,
837 3108 868 3138 et
893 3114 937 3137 ea:
962 3101 1009 3136 ad
1037 3101 1098 3144 R',
1124 3112 1190 3136 om.
1217 3101 1264 3135 M
1290 3103 1301 3149 Ι]
1333 3103 1386 3133 27.
1414 3097 1549 3142 agendi
1574 3109 1618 3132 ex
1643 3097 1765 3142 agend

79 3153 249 3199 M01131.
276 3154 432 3190 consilio
458 3153 580 3188 adhuc
605 3154 641 3188 R
661 3154 746 3197 1132.
773 3162 846 3185 non
872 3152 970 3193 (ante
995 3147 1100 3193 quin)
1125 3148 1178 3190 M,
1205 3158 1250 3182 ne
1277 3147 1347 3182 GR
