2242 3496
405 154 486 194 118
1002 149 1049 182 M.
1078 147 1217 182 'rvLLi
1244 146 1494 181 emmonis

402 276 538 315 neque
571 275 663 301 esse
697 257 996 310 recusandum,
1028 270 1112 310 quo
1146 254 1287 296 minus
1320 270 1385 309 ea,
1419 270 1503 309 qua
1534 256 1626 297 nati
1658 271 1820 310 sumus,
1852 257 2101 298 condicione

403 332 608 384 vivamus,
641 343 744 370 neve
778 331 867 368 tam
901 326 1092 381 graviter
1125 340 1198 367 eos
1232 340 1355 367 casus
1387 326 1594 381 feramus,
1627 341 1734 381 quos
1767 327 1887 369 nullo
1921 327 2101 369 consilio

404 403 541 443 vitare
573 399 801 455 possimus,
834 397 1082 450 eventisque
1116 396 1299 438 aliorum
1332 397 1542 439 memoria
1579 398 1823 452 repetendis
1855 397 1964 438 nihil
1997 398 2103 439 acci-

356 486 375 514 3
404 473 515 514 disse
547 470 649 512 novi
680 468 805 509 nobis
833 467 1086 522 cogitemus.
1137 482 1276 522 neque
1301 468 1382 509 hae
1408 483 1545 523 neque
1580 471 1744 510 ceterae
1773 468 2104 524 consolationes,

404 558 509 597 quae
556 543 655 582 sunt
699 555 723 581 a
767 538 1103 594 sapientissimis
1148 539 1252 580 viris
1295 541 1530 593 usurpatae
1584 539 1901 594 memoriaeque
1945 539 2104 581 litteris
2141 554 2157 580 5

403 613 622 668 proditae,
667 613 838 652 tantum
883 610 1083 652 videntur
1122 610 1328 664 proficere
1368 609 1544 663 debere,
1587 611 1796 664 quantum
1835 612 1975 651 status
2012 610 2105 664 ipse

402 686 578 725 nostrae
619 681 808 724 civitatis
848 684 891 722 et
928 682 1034 722 haec
1074 679 1345 735 perturbatio
1388 682 1631 734 temporum
1675 680 1966 736 perditorum,
2009 695 2106 722 cum

403 753 646 795 beatissimi
679 752 784 806 sint,
826 752 900 806 qui
931 752 1092 793 liberos
1125 765 1213 792 non
1252 754 1550 805 susceperunt,
1589 751 1731 792 minus
1770 753 1916 792 autem
1947 751 2108 807 miseri,

403 825 476 879 qui
508 824 575 865 his
614 823 884 877 temporibus
924 823 1180 877 amiserunt,
1219 837 1348 876 quam
1382 822 1417 862 si
1451 822 1624 864 eosdem
1661 822 1775 863 bona
1812 824 1887 863 aut
1924 821 2107 877 denique

355 907 376 937 4
404 896 548 950 aliqua
580 910 624 936 re
657 910 695 949 p.
728 893 1031 948 perdidissent.
1089 893 1202 948 quod
1241 893 1278 934 si
1316 896 1441 934 tuum
1478 895 1521 934 te
1564 892 1824 934 desiderium
1856 896 2001 935 movet
2033 896 2108 935 aut
2129 909 2162 935 ιο

403 966 439 1008 si
473 969 646 1007 tuarum
678 980 821 1007 rerum
849 965 1115 1020 cogitatione
1144 979 1322 1019 maeres,
1352 979 1440 1006 non
1465 964 1591 1006 facile
1619 963 1836 1005 exhauriri
1869 964 1950 1005 tibi
1976 964 2109 1006 istum

404 1037 597 1079 dolorem
630 1051 757 1091 posse
789 1036 1040 1077 universum
1072 1038 1197 1090 puto,
1230 1035 1297 1077 sin
1329 1035 1405 1077 illa
1437 1038 1479 1076 te
1512 1050 1580 1076 res
1613 1035 1795 1089 cruciat,
1828 1050 1935 1090 quae
1968 1036 2109 1091 magis

404 1108 562 1150 amoris
603 1111 686 1162 est,
724 1110 773 1149 ut
806 1122 973 1162 eorum,
1013 1107 1088 1161 qui
1120 1107 1387 1160 occiderunt,
1425 1106 1621 1147 miserias
1653 1106 1823 1161 lugeas,
1861 1109 1911 1147 ut
1943 1121 1992 1148 ea
2023 1121 2110 1148 non

404 1180 555 1233 dicam,
588 1194 696 1234 quae
730 1178 982 1233 saepissime
1016 1182 1059 1219 et
1089 1178 1174 1234 legi
1211 1180 1253 1219 et
1286 1176 1447 1232 audivi,
1477 1177 1588 1218 nihil
1621 1177 1723 1218 mali
1757 1191 1849 1218 esse
1881 1177 1927 1218 in
1959 1180 2110 1232 morte,

404 1266 454 1291 ex
500 1265 584 1304 qua
625 1250 661 1291 si
706 1250 892 1291 resideat
936 1263 1108 1303 sensus,
1153 1248 1463 1289 immortalitas
1507 1248 1584 1289 illa
1626 1247 1774 1302 potius
1820 1263 1947 1303 quam
1992 1262 2164 1299 mors215

404 1322 595 1362 ducenda
628 1321 697 1375 sit,
730 1321 797 1362 sin
830 1320 889 1361 sit
921 1320 1127 1374 amissus,
1158 1319 1279 1360 nulla
1310 1319 1445 1360 videri
1479 1319 1653 1360 miseria
1685 1320 1851 1374 debeat,
1883 1334 1992 1374 quae
2023 1335 2111 1362 non

405 1392 634 1446 sentiatur,
672 1392 755 1434 hoc
788 1394 934 1433 tamen
966 1405 1053 1432 non
1085 1390 1288 1431 dubitans
1322 1391 1576 1432 confirmare
1608 1405 1803 1446 possum,
1845 1406 1895 1432 ea
1926 1391 2112 1446 misceri,

404 1462 559 1518 parari,
592 1463 839 1518 impendere
872 1462 933 1504 rei
966 1477 1017 1516 p.,
1052 1476 1160 1516 quae
1194 1461 1267 1516 qui
1299 1461 1537 1516 reliquerit,
1568 1462 1689 1503 nullo
1722 1462 1850 1504 modo
1883 1461 1991 1503 mihi
2023 1462 2112 1516 qui-

404 1535 501 1575 dem
533 1534 736 1589 deceptus
776 1548 868 1575 esse
907 1533 1123 1587 videatur,
1163 1532 1265 1587 quid
1298 1535 1364 1574 est
1397 1532 1509 1573 enim
1550 1532 1637 1574 iam
1668 1548 1756 1574 non
1787 1533 1914 1575 modo
1945 1533 2114 1589 pudori,

403 1604 628 1660 probitati,
660 1606 827 1660 virtuti,
859 1605 989 1647 rectis
1025 1604 1199 1659 studiis,
1231 1604 1358 1646 bonis
1391 1604 1571 1659 artibus,
1604 1605 1676 1646 sed
1710 1604 1885 1646 omnino
1917 1604 2110 1646 libertati
2132 1620 2166 1645 20

405 1692 453 1718 ac
487 1676 617 1718 saluti
656 1677 769 1718 loci?
819 1691 906 1718 non
945 1676 1132 1718 mercule
1172 1690 1432 1730 quemquam
1474 1675 1617 1717 audivi
1654 1676 1737 1717 hoc
1776 1675 2035 1731 gravissimo
2069 1680 2113 1716 et

404 1748 764 1802 pestilentissimo
793 1762 905 1788 anno
933 1747 1305 1788 adulescentulum
1333 1749 1406 1788 aut
1433 1761 1614 1801 puerum
1641 1749 1872 1801 mortuum,
1905 1746 1979 1801 qui
2006 1745 2112 1787 mihi

406 1834 492 1860 non
525 1834 549 1859 a
583 1818 647 1859 dis
675 1818 994 1859 immortalibus
1021 1821 1194 1872 ereptus
1222 1833 1272 1859 ex
1298 1817 1366 1859 his
1394 1818 1579 1858 miseriis
1607 1820 1735 1872 atque
1763 1833 1814 1859 ex
1839 1817 2114 1871 iniquissima

359 1901 378 1930 5
406 1889 655 1931 condicione
688 1890 802 1930 vitae
838 1889 1062 1930 videretur.
1121 1903 1264 1943 quare,
1298 1889 1333 1930 si
1366 1888 1448 1929 tibi
1481 1904 1614 1930 unum
1645 1889 1728 1930 hoc
1761 1888 1929 1930 detrahi
1954 1890 2115 1942 potest,

406 1976 457 2002 ue
492 1960 594 2014 quid
627 1960 699 2015 eis,
733 1975 840 2014 quos
874 1960 1044 2012 amasti,
1077 1959 1180 2001 mali
1212 1962 1337 2014 putes
1366 1960 1616 2015 contigisse,
1648 1960 1916 2014 permultum
1948 1959 2031 2000 erit
2063 1974 2113 2001 ex
2135 1975 2168 2000 25

407 2046 598 2073 maerore
638 2034 712 2073 tuo
753 2031 1038 2085 deminutum,
1083 2031 1350 2085 relinquetur
1390 2031 1504 2072 enim
1546 2031 1730 2086 simplex
1768 2031 1845 2072 illa
1884 2031 1972 2072 iam
2012 2045 2115 2072 eura

407 2103 568 2144 doloris
602 2103 682 2156 tui,
723 2118 830 2157 quae
869 2117 956 2144 non
989 2118 1086 2144 cum
1126 2103 1213 2143 illis
1254 2103 1661 2157 communicabitur,
1704 2103 1778 2143 sed
1810 2102 1863 2143 ad
1895 2105 1938 2143 te
1970 2101 2114 2156 ipsum

406 2173 579 2228 proprie
612 2174 834 2228 referetur,
866 2174 911 2214 111
945 2189 1027 2228 qua
1059 2188 1145 2215 non
1178 2176 1244 2215 est
1276 2174 1363 2214 iam
1390 2174 1622 2229 gravitatis
1656 2176 1699 2215 et
1731 2173 1970 2228 sapientiae
2003 2175 2116 2228 tuae,

408 2258 537 2299 quam
570 2247 617 2285 tu
651 2260 675 2285 a
707 2259 841 2299 puero
875 2245 1154 2299 praestitisti,
1193 2244 1304 2286 ferre
1336 2244 1664 2286 immoderatius
1705 2259 1851 2286 casum
1882 2244 2115 2286 incommo-

407 2318 558 2358 dorum
592 2319 783 2371 tuorum,
817 2316 889 2370 qui
922 2317 979 2357 sit
1013 2316 1065 2357 ab
1100 2331 1267 2370 eorum,
1309 2331 1416 2370 quos
1449 2315 1671 2370 dilexeris,
1706 2315 1882 2357 miseria
1914 2315 2114 2369 maloque
2133 2331 2168 2356 30

409 2387 646 2443 seiunctus3
687 2387 848 2429 etenim
889 2403 986 2429 eum
1025 2402 1194 2441 semper
1225 2390 1268 2428 te
1302 2390 1345 2428 et
1376 2387 1560 2442 privatis
1598 2387 1644 2428 in
1681 2387 1810 2428 rebus
1850 2389 1893 2427 et
1929 2386 2115 2441 publicis

408 2459 686 2513 praestitisti,
724 2459 884 2500 tuenda
922 2459 1004 2499 tibi
1036 2462 1085 2500 ut
1119 2458 1176 2499 sit
1215 2458 1408 2514 gravitas
1441 2462 1485 2500 et
1517 2457 1787 2501 constantiae
1826 2458 2116 2513 serviendum3

408 2546 529 2584 nam,
581 2530 694 2584 quod
739 2529 925 2571 allatura
968 2532 1035 2571 est
1076 2529 1173 2584 ipsa
1217 2530 1502 2585 diuturnitas,
1554 2545 1662 2585 quae
1714 2529 1926 2571 maximos
1969 2529 2113 2571 luctus

528 2669 558 2698 2.
587 2663 758 2697 uiuamus
787 2664 877 2707 GR,
905 2662 1093 2698 uituamus
1121 2665 1167 2698 M
1183 2666 1194 2708 1}
1214 2676 1276 2698 eos
1304 2675 1410 2699 casus
1439 2665 1520 2708 GR,
1548 2676 1590 2699 eo
1618 2676 1707 2699 casu
1734 2665 1807 2709 Mu
1827 2668 1857 2698 4.
1886 2663 2110 2708 cogitemus3

412 2711 532 2757 (sed)
560 2722 679 2755 neque
704 2711 795 2744 haes-
825 2712 1036 2757 11¹⁷esenberq
1061 2714 1072 2756 Η
1100 2715 1128 2746 7.
1155 2711 1405 2757 perturbatio]
1432 2711 1603 2756 perbatio
1632 2712 1692 2755 M,
1719 2710 1891 2756 probatio
1919 2711 2001 2753 GR,
2028 2721 2110 2754 pro-

410 2757 501 2792 latio
530 2759 709 2793 Graec-ius
733 2760 744 2802 Η
772 2762 824 2793 11,
853 2757 884 2791 si
909 2760 1073 2804 tuarum]
1102 2758 1131 2792 si
1159 2760 1316 2793 duamm
1342 2760 1402 2803 M,
1431 2758 1665 2793 assiduarum
1693 2759 1765 2794 GR
1784 2760 1795 2803 ΙΙ
1816 2762 1869 2793 13.
1897 2756 2113 2791 occiderunt

414 2807 448 2838 in
478 2807 523 2838 M
542 2810 624 2850 post
649 2805 817 2839 miserias
843 2808 1032 2850 repetitum
1058 2818 1135 2851 erp.
1164 2807 1231 2840 Me
1261 2808 1272 2851 Η
1305 2811 1358 2841 15.
1386 2818 1430 2841 ex
1456 2818 1530 2850 qua
1557 2806 1588 2841 si
1613 2807 1769 2851 Bcnyel,
1794 2806 1831 2839 et
1856 2803 1963 2849 quasi
1988 2805 2033 2839 Ω.
2072 2804 2112 2838 111

413 2864 485 2894 qua
518 2852 547 2886 si
580 2854 647 2887 alii
667 2855 677 2896 Η
699 2856 751 2887 16.
780 2852 939 2886 dicenda
965 2854 1001 2888 R
1032 2855 1042 2897 11
1074 2857 1129 2888 20.
1156 2853 1354 2898 probitati,
1387 2853 1472 2888 itati
1500 2855 1539 2888 in
1563 2866 1634 2889 ras.
1662 2853 1728 2887 2210
1763 2854 1850 2897 (own
1874 2853 1916 2886 in
1943 2852 2010 2896 P),
2038 2853 2086 2886 M
2100 2852 2112 2897 ᾗ

413 2898 523 2932 ret-tis
550 2899 683 2933 studiis
712 2900 800 2943 GR,
836 2900 927 2934 recti
955 2900 985 2933 si
1012 2900 1145 2934 studiis
1172 2901 1222 2935 M
1247 2903 1258 2945 Η
1289 2906 1344 2936 ⁶21.
1371 2901 1580 2936 mehercule
1608 2901 1680 2936 GR
1711 2901 1722 2943 ΙΙ
1753 2903 1807 2934 23.
1837 2909 1858 2932 a
1885 2898 1941 2933 dis
1968 2899 2029 2943 M,
2063 2900 2110 2934 ab

416 2962 486 2995 diis
513 2964 561 3006 R,
587 2949 607 2997 ii
635 2964 705 2998 diis
734 2964 783 2999 G¹
809 2966 820 3008 Η
845 2963 902 2997 his
930 2965 989 3007 M,
1016 2964 1047 2997 is
1076 2966 1125 3007 G,
1152 2965 1198 2999 iis
1225 2966 1261 3001 R
1287 2968 1298 3009 Η
1325 2969 1379 3001 24.
1407 2965 1438 3000 si
1464 2965 1534 3000 tibi
1560 2976 1672 2999 unum
1698 2964 1767 2997 hoc
1793 2964 1853 3007 M,
1889 2963 1920 2997 si
1946 2963 2017 2998 tibi
2042 2964 2113 2999 hoc

416 3021 529 3042 unum
557 3012 607 3053 (γ’,
633 3016 663 3045 et
689 3012 724 3046 R
750 3013 810 3046 secl
839 3013 877 3045 in
902 3023 972 3046 ras.
1000 3023 1021 3045 α
1048 3024 1092 3046 m.
1122 3016 1139 3045 :3
1173 3014 1184 3056 Η
1216 3016 1270 3048 25.
1299 3024 1343 3047 no
1370 3013 1460 3057 quid
1487 3013 1555 3057 eis]
1588 3022 1634 3045 ne
1666 3010 1757 3054 quid
1788 3010 1834 3044 iis
1861 3011 1960 3055 MR,
1993 3022 2113 3056 neque

416 3055 473 3089 his
503 3057 534 3090 (ν’
573 3059 582 3100 Η
619 3060 729 3101 putas
758 3059 790 3093 G
828 3060 839 3102 ΙΙ
877 3062 931 3092 26.
961 3057 1235 3093 deminututum
1262 3061 1322 3103 M,
1357 3060 1580 3094 diminutum
1607 3059 1640 3094 G
1678 3060 1689 3103 ΙΙ
1727 3061 1782 3093 27.
1809 3069 1927 3102 quaec
1951 3070 2027 3093 non
2046 3059 2114 3106 ΖΙΙΗ

418 3106 471 3138 28,
499 3103 694 3138 referretur
720 3106 800 3140 MG
