2242 3496
598 227 934 263 EPISTVLARVM
963 227 1038 262 XV.
1069 230 1120 260 10.
1152 230 1204 261 ll.
1234 231 1286 260 12.
1317 229 1369 259 13.
1751 223 1836 263 415

871 383 965 425 ΧΗ.
998 382 1105 438 (92.)

266 479 321 522 M.
355 479 565 522 CH'EHO
602 477 837 520 PROCOS.
874 477 912 519 S.
947 477 997 519 D.
1031 477 1075 519 L.
1111 475 1340 518 PAVLLO
1375 473 1492 517 COS.
1527 472 1714 516 DESIG.

258 574 355 616 Etsi
390 575 494 616 mihi
528 589 762 628 numquam
795 574 877 614 fuit.
909 572 1104 624 dubium,
1137 572 1236 626 quin
1272 574 1313 612 te
1346 570 1530 624 populus
1564 569 1612 610 R.
1645 583 1722 623 pro
1752 567 1839 608 tuis
1872 579 1882 607 ι

140 646 321 688 summis
370 646 412 687 in
458 661 547 687 rem
593 661 631 700 p.
678 645 842 685 meritis
888 647 931 684 et
974 658 1052 697 pro
1097 642 1364 696 amplissima
1401 641 1589 682 familiae
1628 638 1838 694 dignitate

103 735 119 759 5
139 732 308 759 summo
341 717 497 769 studio,
531 715 696 757 cunctis
731 714 947 767 suffragiis
981 713 1201 755 consulem
1231 712 1423 754 facturus
1451 715 1576 766 esset,
1607 714 1752 751 tamen
1780 709 1836 749 iu-

140 788 333 830 credibili
367 788 535 829 laetitia
569 801 663 827 sum
696 786 902 838 adfectus,
935 799 1031 825 cum
1065 783 1107 824 id
1135 783 1243 824 mihi
1273 783 1520 824 nuntiatum
1547 785 1625 835 est,
1657 794 1838 834 eumque

139 860 347 902 honorem
380 859 461 901 tibi
493 858 594 899 deos
627 857 848 898 fortunare
881 856 978 896 volo
1013 870 1037 895 a
1070 858 1196 909 teque
1230 869 1281 895 ex
1313 856 1388 894 tua
1421 853 1716 906 maiorumque
1747 854 1838 892 tuo-

140 945 234 972 rum
261 930 473 985 dignitate
501 927 805 969 administrari.
864 928 992 979 atque
1019 925 1186 966 utinam
1213 938 1415 978 praesens
1443 924 1565 964 illum
1593 923 1703 964 diem
1732 921 1837 963 mihi
1865 932 1884 960 2

140 1001 463 1055 optatissimum
507 999 650 1040 videre
694 997 932 1052 potuissem
977 1010 1141 1050 proque
1181 995 1268 1036 tuis
1311 994 1590 1049 amplissimis
1631 1007 1733 1048 erga
1772 1007 1838 1033 me

88 1089 120 1113 ιο
140 1071 295 1112 studiis
347 1073 475 1125 atque
528 1069 745 1111 beneficiis
797 1067 878 1108 tibi
929 1081 1104 1121 operam
1154 1081 1294 1107 meam
1346 1065 1620 1119 studiumque
1664 1064 1837 1105 navare!

140 1156 270 1196 quam
303 1141 410 1182 mihi
441 1139 696 1182 facultatem
730 1138 933 1193 quoniam
965 1138 1035 1179 hic
1067 1136 1349 1191 necopinatus
1383 1140 1426 1178 et
1459 1136 1718 1190 improvisus
1745 1149 1837 1189 pro-

139 1212 304 1254 vinciae
337 1226 460 1254 casus
493 1211 663 1266 eripuit,
695 1212 852 1263 tamen,
884 1212 933 1250 ut
964 1212 1007 1250 te
1041 1208 1261 1250 consulem
1293 1222 1384 1249 rem
1415 1223 1455 1261 p.
1488 1222 1564 1261 pro
1599 1210 1674 1247 tua
1703 1206 1837 1260 digni-

141 1286 231 1337 tate
263 1286 486 1339 gerentem
516 1282 660 1325 videre
692 1281 874 1335 possim,
906 1294 1166 1337 magnopere
1200 1294 1224 1320 a
1256 1281 1298 1320 te
1330 1281 1451 1333 peto,
1482 1281 1532 1319 ut
1559 1292 1733 1332 operam
1766 1276 1838 1317 des

141 1354 317 1410 efficias,
358 1369 412 1396 ne
457 1354 559 1409 quid
596 1352 704 1394 mihi
742 1352 819 1393 fiat
856 1352 1035 1393 iniuriae
1074 1366 1178 1392 neve
1219 1350 1320 1404 quid
1359 1349 1567 1404 temporis
1607 1349 1659 1389 ad
1698 1362 1840 1389 meum

89 1442 122 1468 15
142 1439 331 1467 annuum
368 1439 523 1466 munus
563 1423 756 1477 accedat3
795 1422 908 1476 quod
947 1422 983 1463 si
1020 1421 1190 1475 feceris,
1229 1435 1411 1476 magnus
1452 1421 1503 1462 ad
1543 1423 1619 1461 tua
1656 1418 1842 1473 pristina

142 1510 246 1552 erga
277 1510 344 1537 me
376 1495 521 1537 studia
553 1495 748 1537 cumulus
782 1493 965 1535 accedet.

840 1647 959 1689 xm.
1003 1645 1143 1704 (104.)

465 1742 520 1785 M.
554 1741 763 1785 CICERO
796 1742 912 1784 IMP.
947 1741 987 1784 s.
1019 1741 1071 1783 D.
1103 1741 1150 1782 L.
1181 1740 1375 1782 PAVLO
1411 1739 1527 1783 cos.

262 1838 448 1881 Maxime
472 1839 583 1880 mihi
609 1838 692 1879 fuit
719 1839 917 1892 optatum
936 1836 1100 1878 Romae
1128 1851 1221 1878 esse
1247 1839 1391 1877 tecum
1417 1835 1576 1876 multas
1604 1835 1658 1876 ob
1683 1849 1845 1887 causas,
1875 1843 1889 1872 1

89 1927 124 1952 20
144 1911 217 1952 sed
249 1911 488 1965 praecipue,
520 1913 569 1951 ut
601 1912 644 1950 et
675 1909 720 1950 in
752 1909 935 1963 petendo
969 1911 1012 1948 et
1043 1908 1088 1948 in
1120 1907 1307 1963 gerendo
1342 1906 1569 1948 consulatu
1595 1921 1738 1947 meum
1765 1905 1845 1946 tibi

143 1981 337 2024 debitum
386 1981 578 2023 studium
630 1980 872 2035 perspicere
923 1993 1084 2033 posses.
1159 1993 1207 2019 ac
1251 1977 1479 2032 petitionis
1526 1977 1699 2032 quidem
1743 1979 1841 2017 tuae

143 2053 254 2094 ratio
281 2052 387 2094 mihi
413 2066 582 2107 semper
606 2051 692 2092 fuit
718 2051 952 2105 explorata,
979 2050 1052 2092 sed
1079 2052 1225 2090 tamen
1250 2063 1407 2090 navare
1435 2063 1609 2103 operam
1630 2047 1845 2101 volebam,

142 2125 187 2166 in
219 2123 446 2166 consulatu
477 2138 577 2165 vero
611 2122 736 2176 cupio
770 2121 967 2176 equidem
999 2124 1042 2162 te
1075 2120 1216 2161 minus
1248 2119 1406 2161 habere
1438 2119 1618 2174 negotii,
1651 2118 1724 2160 sed
1758 2133 1845 2159 mo-

143 2195 250 2237 leste
288 2195 380 2237 fero
419 2209 486 2235 me
521 2193 743 2235 consulem
775 2195 899 2233 tuum
932 2192 1123 2233 studium
1156 2190 1443 2232 adulescentis
1476 2189 1762 2245 perspexisse,
1803 2191 1844 2229 te

91 2281 124 2306 25
145 2280 299 2319 meum,
329 2279 424 2307 cum
449 2264 494 2306 id
520 2264 676 2306 aetatis
705 2263 798 2318 sim,
823 2263 1065 2318 perspicere
1090 2277 1177 2303 non
1203 2276 1343 2316 posse.
1394 2261 1468 2302 sed
1493 2261 1556 2302 ita
1580 2260 1672 2302 fato
1698 2259 1844 2301 nescio
1873 2272 1892 2301 2

146 2351 231 2391 quo
276 2336 511 2392 contigisse
556 2335 763 2388 arbitror,
806 2336 856 2374 ut
900 2333 981 2374 tibi
1028 2333 1080 2374 ad
1123 2347 1191 2374 me
1237 2332 1476 2374 ornandum
1514 2345 1683 2386 semper
1721 2331 1846 2372 detur

145 2407 340 2462 facultas,
373 2406 480 2448 mihi
513 2406 566 2448 ad
597 2404 958 2448 remunerandum
988 2403 1099 2445 nihil
1131 2406 1334 2459 suppetat
1359 2406 1531 2458 praeter
1556 2403 1846 2445 voluntatem:

146 2479 311 2520 ornasti
349 2478 640 2531 consulatum,
679 2475 843 2517 ornasti
882 2475 1067 2516 reditum
1106 2490 1268 2530 meum,
1305 2475 1457 2516 incidit
1495 2489 1638 2516 meum
1675 2476 1846 2527 tempus

145 2564 289 2591 rerum
320 2549 605 2605 gerendarum
637 2548 682 2589 in
713 2547 855 2602 ipsum
888 2546 1159 2588 consulatum
1186 2548 1322 2588 tuum.
1377 2545 1536 2600 itaque,
1569 2559 1666 2587 cum
1699 2547 1743 2585 et
1769 2547 1844 2585 tua

92 2635 125 2661 30
147 2634 316 2661 summa
361 2620 599 2675 amplitudo
645 2622 688 2660 et
733 2617 922 2673 dignitas
970 2620 1013 2658 et
1050 2632 1170 2659 meus
1209 2631 1392 2672 magnus
1429 2617 1568 2658 honos
1607 2629 1847 2671 magnaque

264 2775 294 2805 2.
322 2769 516 2806 PROCOS.
551 2770 778 2815 ῙΓεεειώω-ῃ,
809 2769 896 2813 imp.
927 2768 1006 2803 ΨΡ
1035 2769 1110 2804 incl.
1144 2769 1236 2803 MH
1267 2771 1278 2813 ΙΙ
1314 2767 1441 2813 paullo
1468 2768 1514 2802 M
1537 2767 1612 2802 incl.
1640 2767 1700 2811 M,
1735 2766 1847 2811 paulo

146 2817 266 2853 FHI)
294 2819 368 2854 incl.
397 2818 439 2853 H
463 2820 474 2862 ΙΙ
501 2821 531 2853 7.
558 2829 580 2852 a
605 2819 716 2862 teque
742 2816 837 2860 MD,
865 2817 976 2860 atque
1006 2816 1086 2850 ΓΗ
1100 2819 1111 2861 11
1138 2820 1191 2850 11.
1219 2817 1256 2850 et
1281 2816 1336 2859 M,
1363 2816 1420 2850 est
1446 2815 1566 2849 ΓΗΒ
1591 2817 1602 2858 ΙΙ
1630 2818 1682 2849 13.
1710 2824 1846 2858 magno

146 2876 254 2911 opere
280 2877 299 2903 ς
319 2869 330 2910 ΙΙ
352 2870 405 2901 13.
434 2869 487 2900 14.
516 2865 580 2900 des
601 2864 741 2899 efficias
763 2864 816 2907 M,
843 2863 908 2897 des
935 2862 1148 2907 efficiasque
1171 2863 1297 2907 FHD,
1325 2867 1365 2897 ut
1389 2863 1503 2897 solent
1528 2863 1569 2896 z'n
1594 2862 1644 2896 eis
1669 2862 1847 2906 asyndeta

146 2914 348 2949 oblitterari
366 2915 378 2952 ΙΙ
399 2917 452 2949 14.
479 2912 609 2957 nequit
634 2911 725 2946 mihi
752 2911 798 2945 M
820 2915 831 2953 ΙΙ
858 2914 913 2945 15.
941 2921 1104 2944 annuum
1127 2910 1277 2956 munus]
1305 2920 1442 2943 annum
1468 2920 1601 2942 munus
1627 2908 1682 2952 M,
1710 2918 1848 2942 annum

146 2959 268 2995 minus
296 2960 416 2995 FHD
441 2963 453 3004 ΙΙ
479 2965 533 2995 16.
560 2959 723 2994 cumules
750 2958 797 2992 M
813 2959 823 3001 ΙΙ
846 2960 898 2992 18.
925 2957 972 2991 M.
1001 2969 1065 2992 om.
1096 2957 1177 2991 FH
1198 2959 1209 3000 ΙΙ
1228 2957 1355 3001 paullo
1382 2957 1457 2991 ind.
1486 2956 1539 3000 M,
1567 2957 1649 2990 bene
1668 2956 1679 2999 ΙΙ
1699 2965 1771 2990 οοε.
1793 2955 1847 2999 M,

148 3017 220 3043 cos.
246 3007 294 3042 M.
324 3007 416 3046 ΓΗ,
443 3018 515 3042 cos.
545 3007 660 3051 desig.
688 3006 726 3041 D
757 3009 769 3050 fl
800 3008 856 3039 20.
883 3006 925 3038 ut
950 3006 988 3039 et
1014 3004 1074 3047 M,
1106 3006 1148 3038 ut
1175 3004 1291 3038 FHD
1322 3006 1334 3048 ΙΙ
1365 3002 1526 3048 gerendo
1553 3002 1653 3046 MD,
1684 3002 1847 3047 regendo

150 3054 231 3089 FH
245 3058 256 3100 ΙΙ
275 3058 330 3090 21.
357 3055 542 3101 debitum]
570 3054 737 3089 deditum
763 3052 939 3088 Streicher
964 3052 1020 3096 (1).
1047 3055 1127 3096 204,
1154 3054 1201 3096 2),
1228 3052 1371 3086 iniuria
1389 3053 1401 3095 ss
1420 3053 1475 3085 22.
1502 3060 1642 3084 nauare
1669 3049 1727 3094 M,
1752 3054 1785 3085 et
1810 3050 1850 3085 D

147 3137 208 3171 sed
226 3137 267 3171 in
285 3136 350 3172 hoc
368 3139 510 3183 aliquid
528 3099 1099 3182 superscriptunijlfiilassgiigriup.
1120 3145 1186 3169 ser.
1208 3146 1231 3169 a
1250 3146 1294 3168 m.
1318 3137 1351 3177 1,
1375 3137 1416 3168 ut
1434 3133 1526 3176 uid„
1551 3133 1601 3176 H,
1629 3143 1767 3167 nouare
1784 3131 1823 3166 F

149 3186 204 3219 27.
232 3183 280 3218 ad
308 3183 402 3231 <te>
427 3184 736 3220 remunerandum
762 3184 831 3219 aliz·
849 3186 861 3229 [Ι
879 3186 935 3218 29.
963 3186 1018 3218 30.
1039 3184 1123 3216 tuas
1144 3182 1307 3216 summas
1327 3182 1420 3226 (eaep.
1441 3180 1488 3214 M
1493 3182 1543 3226 ‘?)
1563 3180 1613 3215 Μ
