2242 3496
633 232 966 267 Ef‘iS'l‘vmm'M
995 232 1036 267 V.
1067 236 1120 267 17.
1150 237 1201 266 1⁸.
1235 236 1285 266 19.
1724 231 1800 272 121

110 339 283 396 plurimi
311 339 505 381 homines
536 340 806 381 nobilissimi.
857 357 905 382 ea
932 341 1112 395 denique
1146 340 1312 382 videtui·
1339 340 1532 382 condicio
1562 340 1804 394 impendere

111 412 273 466 legum,
312 411 584 463 iudiciorum,
624 415 883 466 temporum,
923 415 970 452 ut
1009 412 1169 466 optime
1209 415 1351 452 actum
1386 426 1481 452 cuin
1521 426 1570 452 eo
1610 411 1805 451 videatur

110 495 221 536 esse,
260 481 332 535 qui
366 496 493 535 qua-m
527 481 745 523 levissima
778 497 914 536 poena
947 483 999 523 ab
1039 482 1118 524 hac
1152 498 1196 524 re
1230 498 1267 536 p.
1300 481 1555 524 discesserit.
1615 484 1661 522 tu
1695 497 1806 534 vero,
1833 493 1852 520 ιε

109 553 182 608 qui
215 555 259 593 et
290 552 486 593 fortunas
525 556 568 593 et
606 553 766 593 liberos
805 553 964 594 habeas
1004 556 1047 594 et
1085 568 1161 594 nos
1204 557 1453 607 ceterosque
1492 552 1806 594 necessitudine

74 638 90 664 5
109 626 154 665 et
178 622 477 665 benevolentia
503 626 644 664 tecum
666 623 1056 676 coniunctissimos,
1087 639 1300 678 quomque
1328 638 1528 679 maguam
1556 623 1807 665 facultatem

110 693 170 736 sis
201 693 431 735 habiturus
459 693 683 734 nobiseum
717 697 760 735 et
793 709 889 735 cum
923 695 1122 735 omnibus
1156 695 1241 735 tuis
1269 695 1450 748 vivendi,
1483 698 1526 735 et
1553 710 1649 736 cum
1676 709 1807 736 unum

110 765 169 806 sit
205 763 411 806 iudicium
451 778 499 804 ex
539 767 628 804 tam
662 765 829 818 multis,
871 766 984 818 quod
1024 765 1323 819 reprendatur,
1360 768 1408 806 ut
1447 766 1558 820 quod
1596 780 1681 806 una
1718 780 1809 806 sen-

111 835 248 878 tentia
279 849 413 890 eaque
445 835 575 876 dubia
607 835 827 889 potentiae
861 835 1041 877 alicuius
1076 836 1364 877 condonatum
1398 835 1689 890 existimetur,
1723 851 1809 877 om-

110 907 237 949 nibus
268 906 337 948 his
376 906 426 947 de
466 906 605 946 causis
645 906 773 947 debes
813 906 943 947 istam
981 906 1224 947 molestiam
1265 922 1392 960 quam
1432 907 1649 948 lenissime
1687 906 1809 947 ferre.

57 992 92 1018 ιο
112 992 232 1020 meus
270 977 438 1019 animus
472 976 555 1017 erit
587 976 629 1017 in
664 979 704 1017 te
739 976 982 1030 liberosque
1022 980 1118 1018 tuos
1159 992 1343 1031 semper,
1383 993 1508 1031 quem
1542 980 1588 1018 tu
1621 992 1712 1017 esse
1746 977 1810 1018 vis

111 1052 155 1091 et
187 1048 260 1104 qui
293 1062 385 1091 esse
418 1047 557 1089 debet.

815 1153 928 1195 XIX.
973 1152 1110 1210 (163.)

756 1248 968 1290 CICERO
1004 1248 1172 1290 RVFO.

230 1344 327 1386 Etsi
367 1344 472 1386 mihi
511 1358 749 1398 numquam
780 1343 958 1384 dubium
990 1343 1091 1396 fuit,
1134 1342 1237 1396 quin
1269 1342 1351 1383 tibi
1384 1358 1520 1384 essem
1553 1342 1814 1396 carissimus,
1842 1353 1858 1383 1

61 1430 94 1456 15
114 1419 258 1458 tamen
291 1414 446 1457 cotidie
480 1415 619 1471 magis
647 1415 688 1455 id
716 1415 941 1469 perspicio,
975 1416 1177 1468 extatque
1206 1413 1258 1467 id,
1292 1414 1404 1467 quod
1432 1413 1538 1454 mihi
1566 1413 1813 1454 ostenderas

114 1487 372 1542 quibusdam
403 1486 584 1540 litteris,
621 1486 703 1527 hoc
735 1488 778 1526 te
811 1485 1119 1526 studiosiorem
1150 1484 1195 1524 in
1227 1499 1293 1525 me
1327 1485 1503 1525 colendo
1537 1484 1647 1537 fore,
1686 1499 1814 1537 quam

113 1558 159 1600 in
189 1557 411 1613 provincia
448 1557 605 1599 fuisses
636 1580 686 1586 —-
716 1556 798 1598 etsi
832 1571 927 1597 meo
966 1555 1124 1597 iudicio
1163 1554 1271 1595 nihil
1305 1556 1356 1596 ad
1390 1558 1511 1596 tuum
1553 1554 1814 1609 provinciale

114 1629 306 1672 officium
345 1629 443 1670 addi
479 1630 627 1683 potest
663 1652 733 1681 —‚
775 1642 859 1683 quo
897 1626 1076 1668 liberius
1116 1626 1323 1668 iudicium
1362 1640 1453 1667 esse
1492 1628 1641 1679 posset
1681 1628 1815 1666 tuum.

114 1701 261 1755 itaque
293 1714 360 1742 me
393 1702 437 1741 et
469 1698 713 1754 superiores
746 1698 918 1740 litterae
953 1701 1052 1739 tuae
1087 1697 1317 1738 admodum
1350 1696 1686 1750 delectaverunt,
1728 1694 1816 1749 qui-

62 1785 96 1810 20
116 1772 196 1814 bus
235 1774 278 1813 et
315 1773 614 1826 exspectatum
653 1784 796 1811 meum
835 1770 1066 1811 adventum
1105 1768 1181 1810 abs
1220 1771 1262 1809 te
1302 1769 1497 1808 amanter
1535 1765 1732 1807 videbam
1764 1768 1818 1818 et,

115 1858 212 1885 cum
251 1842 379 1884 aliter
415 1856 485 1883 res
525 1840 752 1883 cecidisset
791 1855 839 1882 ac
877 1843 1093 1895 putasseS‚
1135 1842 1177 1880 te
1217 1853 1311 1880 meo
1345 1837 1526 1879 consilio
1559 1850 1817 1892 magnopere

115 1927 208 1956 esse
248 1913 480 1967 laetatum,
524 1915 568 1954 et
605 1912 673 1953 his
710 1911 922 1966 proximis
967 1910 1127 1952 litteris
1173 1923 1380 1964 magnum
1419 1908 1512 1963 cepi
1549 1907 1739 1949 fructum
1777 1910 1819 1948 et

115 1984 264 2027 iudicii
296 1987 340 2026 et
367 1983 500 2026 officii
525 1983 607 2025 tui:
640 1982 800 2038 iudicii,
833 1982 947 2037 quod
973 1981 1182 2036 intellego
1210 1983 1265 2035 te,
1296 1980 1339 2020 id
1367 1979 1480 2033 quod
1508 1993 1655 2019 omnes
1681 1977 1817 2019 fortes

115 2070 165 2098 ac
196 2055 301 2098 boni
326 2055 408 2097 viri
433 2054 574 2097 facere
601 2054 768 2108 debent,
800 2053 909 2096 nihil
942 2056 1095 2107 putare
1125 2051 1232 2092 utile
1265 2065 1380 2105 esse‚·
1401 2050 1486 2091 nisi
1513 2049 1627 2104 quod
1654 2052 1818 2091 rectum

63 2138 96 2165 25
114 2127 432 2182 honestumque
472 2126 550 2181 sit3
595 2124 748 2180 officii,
795 2124 905 2179 quod
947 2126 990 2165 te
1033 2137 1221 2177 mecum,
1267 2121 1564 2176 quodcumque
1609 2119 1817 2174 cepissem

114 2196 307 2253 consilii,
350 2197 571 2253 polliceris
614 2196 728 2250 fore,
773 2210 857 2251 quo
902 2209 1040 2250 neque
1085 2193 1192 2234 mihi
1237 2192 1404 2247 gratius
1449 2205 1608 2245 neque,
1652 2197 1701 2231 ut
1739 2204 1818 2245 ego

115 2268 316 2324 arbitror,
347 2268 430 2310 tibi
460 2268 687 2311 honestius
720 2282 813 2309 esse
847 2266 1076 2321 quicquam
1112 2266 1268 2318 potest.
1326 2262 1432 2303 mihi
1465 2261 1692 2303 consilium
1725 2276 1818 2314 cap-

115 2343 209 2382 tum
234 2340 396 2382 iamdiu
422 2342 500 2394 est,
533 2340 700 2393 dequo
735 2339 787 2379 ad
821 2341 874 2392 te,
906 2352 993 2379 non
1026 2351 1108 2391 quo
1137 2334 1339 2376 celandus
1367 2347 1493 2386 esses,
1526 2331 1633 2372 nihil
1662 2330 1814 2384 scripsi

116 2415 262 2466 antea,
301 2411 374 2452 sed
408 2410 509 2465 quia
541 2409 874 2452 communicatio
910 2407 1078 2450 consilii
1111 2405 1190 2446 tali
1222 2407 1416 2458 tempore
1450 2402 1572 2456 quasi
1606 2401 1814 2455 quaedam

63 2481 354 2524 wadmonitio
393 2481 563 2523 videtur
601 2496 693 2522 esse
736 2479 867 2521 officii
906 2479 973 2520 vel
1012 2477 1157 2533 potius
1191 2473 1449 2529 efflagitatio
1489 2473 1541 2513 ad
1580 2471 1814 2513 coeundam

117 2553 372 2595 societatem
409 2552 476 2594 vel
513 2552 694 2607 periculi
727 2551 793 2592 vel
832 2548 1012 2602 laboris3
1051 2562 1147 2590 cum
1186 2560 1285 2587 vero
1319 2559 1368 2585 ea
1400 2546 1474 2584 tua
1508 2542 1566 2584 sit
1603 2541 1814 2594 voluntas,

115 2623 377 2676 humanitas,
406 2623 700 2665 benivolentia
725 2635 828 2677 erga
855 2635 932 2674 me,
966 2619 1151 2660 libenter
1183 2616 1421 2670 amplector
1447 2613 1578 2655 talem
1611 2611 1814 2665 animum,

118 2695 191 2736 sed
228 2695 290 2736 ita
315 2719 370 2724 —
397 2709 485 2737 non
522 2694 637 2736 enim
675 2692 891 2734 dimittam
933 2689 1140 2743 pudorem
1178 2688 1222 2727 in
1260 2685 1452 2741 rogando
1492 2699 1633 2725 meum
1669 2698 1738 2723 -ε
1778 2682 1813 2723 si

118 2764 270 2807 feceris
302 2765 363 2819 id,
396 2765 510 2819 quod
543 2763 753 2817 ostendis,
791 2774 993 2816 magnam
1027 2757 1194 2799 habebo
1228 2756 1432 2811 gratiam,
1465 2755 1500 2796 si
1532 2769 1617 2795 11011
1651 2753 1816 2807 feceris,

236 2897 268 2928 2.
294 2894 504 2938 temporum
530 2903 574 2927 ex
598 2893 745 2925 tuorum
773 2889 820 2923 M
825 2889 831 2909 ¹
858 2890 869 2932 11
898 2891 928 2922 4.
956 2886 1106 2919 fortuna
1131 2885 1167 2920 R
1192 2886 1203 2928 11
1229 2887 1260 2918 5.
1287 2881 1537 2917 iunctissimos
1567 2881 1638 2916 GR
1658 2882 1815 2924 1111110111-

119 2940 207 2986 que]
234 2950 419 2984 quamque
439 2940 531 2982 MR,
559 2948 786 2982 quamquam
809 2935 853 2976 G,
880 2944 1036 2977 cunique
1057 2943 1077 2969 ς
1097 2934 1108 2976 11
1128 2936 1159 2966 G.
1186 2931 1237 2965 sis
1260 2931 1342 2973 GR,
1370 2929 1400 2963 si
1422 2930 1466 2963 M
1483 2931 1494 2972 11
1515 2928 1675 2974 (tuum)
1703 2939 1813 2961 unum

127 2987 348 3033 Wesenberq,
372 2999 486 3021 unum
512 2985 672 3032 <tuum>
698 2982 1047 3027 Mart-osm-Layuna
1077 2982 1089 3024 11
1122 2983 1150 3013 7.
1177 2977 1469 3023 reprehendatur
1496 2976 1566 3010 GR.
1592 2977 1604 3019 11
1620 2981 1659 3023 78.
1688 2976 1814 3019 poten-

120 3033 176 3069 tia
200 3035 235 3068 9.
264 3035 277 3079 11
308 3038 338 3068 9.
366 3033 425 3068 his
457 3045 523 3068 om.
553 3034 586 3068 G
616 3035 627 3076 11
659 3029 847 3065 lenissime
879 3029 948 3062 alii
978 3029 989 3071 11
1023 3030 1075 3061 10.
1105 3025 1192 3072 <is>
1228 3024 1300 3059 erit
1325 3025 1453 3073 Baiter
1482 3024 1494 3066 11
1527 3026 1580 3056 13.
1609 3021 1734 3056 Cicero
1761 3023 1815 3066 M,

120 3079 258 3116 Micero
290 3081 343 3124 R,
381 3080 430 3116 M.
463 3079 514 3115 Ci.
550 3081 583 3115 G
619 3082 630 3123 11
670 3083 722 3112 18.
756 3088 828 3120 quo
861 3076 958 3118 MG,
991 3073 1091 3117 quod
1122 3073 1157 3108 R,
1189 3075 1200 3116 11
1233 3073 1329 3106 esset
1362 3071 1406 3105 M
1435 3072 1445 3114 11
1477 3072 1582 3104 tuum
1613 3081 1680 3104 om.
1715 3069 1786 3104 GR,

121 3131 176 3162 21.
203 3138 338 3174 magno
364 3138 473 3172 opere
499 3138 519 3164 ς
551 3129 563 3170 11
594 3131 649 3161 22.
678 3127 713 3159 ct
740 3124 795 3158 his
823 3123 876 3166 M,
903 3133 947 3156 ex
973 3120 1030 3154 his
1059 3121 1147 3163 GR,
1174 3122 1211 3153 et
1236 3118 1336 3164 (ex)
1363 3117 1418 3150 his
1440 3116 1807 3162 Martyni-Layunw

121 3177 178 3209 27.
198 3173 398 3219 quicquam
422 3186 489 3210 om.
516 3174 547 3210 G
567 3176 579 3218 11
598 3174 722 3218 potest
747 3183 811 3207 om.
838 3171 874 3205 R
894 3171 905 3214 11
925 3173 980 3204 34.
1007 3167 1170 3213 habebo]
1198 3166 1334 3200 habere
1361 3166 1394 3198 ,Ω

1846 2273 1865 2301 [ὗ
