2242 3496
352 186 437 227 448
703 187 742 217 o.
764 183 801 217 Ε
824 179 1064 215 scamina
1093 176 1321 212 ierisTvLA
1348 176 1412 210 AD
1438 175 1697 212 EDITOREM.

353 295 534 336 sissimis
567 291 651 334 filis
683 291 887 343 nodisque
921 285 1231 339 multiplicibus
1265 283 1550 337 compositam
1580 286 1765 326 tractare
1793 282 1921 339 attlue
1949 299 2041 339 per-

354 366 514 420 spicere
548 364 764 405 discerem.
821 358 911 406 Quo
946 357 1091 397 labore
1124 369 1255 409 paene
1285 353 1536 408 perfunctus
1563 354 1657 408 tibi,
1688 355 1754 395 vir
1779 355 2040 409 doctissime,

353 435 544 476 tabulam
582 429 927 483 chronologicam
966 424 1248 480 epistularum
1288 425 1341 464 ab
1381 438 1492 464 anno
1525 424 1578 465 51
1614 438 1648 464 a.
1676 423 1776 465 Chr.
1813 439 1948 478 usque
1988 425 2040 466 ad

355 505 569 547 Ciceronis
615 502 772 543 exitum
817 499 1013 539 datarum
1056 499 1278 549 tamquam
1322 493 1483 534 laboris
1523 493 1606 533 mei
1645 494 1862 547 specimen
1899 495 2040 537 mitto.

354 574 573 628 Epistulas
607 575 747 612 autem
781 569 875 609 illas
915 566 1084 608 circiter
1123 565 1417 619 septuaginta,
1461 577 1568 618 quae
1607 566 1706 604 ante
1745 579 1842 606 eum
1880 580 2039 607 annum

355 645 534 697 scriptae
568 644 666 682 sunt
698 652 960 694 quarumque
993 636 1339 690 disquisitionem
1371 634 1424 675 ad
1455 633 1585 675 finem
1622 635 1812 676 nondum
1850 636 2040 690 perduxi,

354 714 559 755 Aemilius
598 711 789 751 Koerner
830 707 1054 749 familiaris
1099 721 1218 747 meus
1263 707 1460 747 accurate
1505 704 1718 759 disposuit
1761 706 2039 760 tabulamque

355 780 696 835 chronologicam
711 796 735 821 a
752 795 794 821 se
817 779 1066 831 confectam,
1088 792 1171 831 qua
1192 779 1258 817 est
1277 775 1552 829 liberalitate,
1573 790 1668 817 cum
1689 791 1784 817 mea
1804 776 2038 818 coniunxit.

355 853 461 893 Sunt
493 855 634 893 autem
667 851 768 905 tria,
807 850 855 890 de
889 849 1043 903 quibus
1077 851 1136 902 te,
1169 850 1400 900 antequam
1432 846 1581 887 tabula
1612 847 1767 900 utaris,
1799 847 2038 901 praemoni-

354 928 443 964 tum
476 922 610 962 velim.
668 921 730 962 Ac
762 920 948 974 primum
982 917 1152 972 quidem
1186 918 1261 958 abs
1294 919 1336 957 te
1368 915 1575 971 petimus,
1615 931 1668 958 ne
1701 917 1886 972 mireris,
1926 917 2039 971 quod

353 1008 498 1035 causas
519 995 646 1046 atque
673 991 874 1045 rationes,
900 989 1054 1044 quibus
1081 988 1266 1042 permoti
1293 987 1487 1042 singulos
1514 988 1604 1029 dies
1631 987 1829 1042 epistulis
1856 987 2039 1043 singulis

352 1063 664 1118 adscripsimus,
694 1075 780 1102 11011
812 1060 1098 1115 apposuimus.
1154 1058 1263 1099 Erat
1296 1057 1410 1099 enim
1440 1058 1567 1099 nobis
1604 1072 1858 1113 persuasum
1894 1059 2040 1101 huius-

352 1134 465 1175 modi
498 1131 940 1187 argumentationibus
972 1130 1079 1171 nihil
1110 1129 1261 1184 profici
1272 1163 1281 1183 ‚
1312 1128 1398 1170 nisi
1429 1128 1625 1183 pluribus
1657 1129 1800 1170 verbis
1832 1129 2041 1183 exprime·

350 1207 513 1258 rentur,
557 1218 684 1257 quam
722 1203 872 1244 modus
910 1205 1007 1242 tuae
1047 1200 1224 1241 editioni
1269 1214 1494 1241 concessus
1535 1199 1819 1254 permitteret.
1883 1199 2038 1255 Itaque

352 1274 555 1316 Aemilius
583 1273 774 1314 Koerner
807 1271 1224 1328 argumentationem
1251 1285 1374 1312 suam
1399 1270 1694 1312 Fleckeisenio
1719 1273 1871 1312 nostro
1897 1270 2040 1312 Anna-

346 1345 457 1386 libus
502 1344 769 1385 inserendam
813 1344 971 1396 tradet,
1021 1356 1100 1397 ego
1147 1344 1292 1383 autem
1342 1342 1521 1397 librum,
1573 1357 1657 1396 quo
1709 1342 2042 1384 commentarius

342 1414 899 1470 historico-chronologicus
933 1413 1066 1455 totius
1101 1413 1387 1467 epistularum
1414 1413 1607 1467 corporis
1635 1413 1892 1468 continetur,
1921 1412 2042 1454 brevi

343 1490 533 1541 tempore
567 1486 757 1527 editurus
791 1500 895 1527 sum.
952 1484 1127 1538 Deinde,
1163 1484 1224 1525 vir
1256 1483 1519 1539 doctissime,
1551 1499 1636 1539 quo
1670 1498 1713 1525 es
1745 1483 1924 1538 iudicio,
1955 1498 2042 1525 non
2100 1515 2103 1518 ψ

345 1557 613 1612 arrogantiae
658 1559 732 1597 aut
776 1556 942 1597 levitati
980 1555 1163 1608 tribues,
1208 1554 1244 1595 si
1282 1554 1498 1596 famosum
1539 1555 1646 1596 illud
1688 1569 1843 1609 corpus
1883 1569 2042 1610 earum,

347 1643 452 1682 quae
481 1628 657 1669 ‘incerto
685 1626 811 1668 amio’
838 1627 890 1668 ab
919 1625 1153 1667 editoribus
1181 1626 1476 1667 inscribuntur
1503 1626 1788 1680 epistularum
1813 1626 1858 1667 in
1878 1626 2041 1668 nostris

346 1697 503 1739 tabulis
536 1713 622 1739 non
653 1698 876 1740 inveneris.
938 1696 1076 1738 Nobis
1110 1696 1224 1738 enim
1262 1699 1354 1738 erat
1391 1697 1681 1752 propositum,
1719 1700 1769 1738 ut
1806 1697 1853 1738 in
1889 1700 2041 1739 nostro

346 1769 481 1810 indice
526 1768 752 1823 unicuique
798 1769 1007 1823 epistulae
1051 1769 1170 1810 locus
1214 1768 1499 1824 inveniretur,
1541 1768 1616 1810 ubi
1661 1768 1698 1809 si
1738 1768 1881 1810 minus
1927 1771 2042 1810 certe

347 1839 488 1893 stetit,
532 1842 677 1881 tamen
715 1842 827 1881 stare
869 1839 1022 1894 potuit.
1085 1839 1225 1894 Magis
1271 1840 1386 1881 enim
1429 1840 1636 1881 interesse
1682 1838 1924 1881 censuimus
1970 1854 2042 1881 eas

347 1909 562 1964 epistulas,
591 1925 696 1964 quae
722 1925 873 1964 parum
901 1925 1027 1952 ansae
1054 1910 1204 1951 darent
1231 1911 1283 1952 ad
1310 1913 1482 1965 tempus
1509 1910 1810 1964 definiendum,
1837 1909 2040 1965 ambiguo

347 1980 499 2021 saltem
535 1981 628 2022 loco
668 1995 794 2035 quam
840 1981 1011 2023 omnino
1050 1982 1168 2022 nullo
1208 1982 1352 2023 inseri.
1416 1981 1618 2024 Ceterum
1657 1996 1727 2023 eas
1766 1981 1960 2023 locorum
1998 1983 2042 2022 et

348 2054 588 2105 temporum
621 2052 978 2107 significationes,
1010 2067 1115 2107 quas
1148 2053 1313 2094 incerta
1346 2053 1529 2107 quadam
1563 2051 1807 2107 suspicione
1840 2052 2042 2107 augurati

348 2122 484 2177 magis
507 2137 634 2176 quam
653 2123 899 2164 ratiocinati
921 2138 1079 2177 sumus,
1106 2123 1402 2178 interrogandi
1423 2123 1548 2179 signo
1568 2123 1827 2164 notavimus.
1870 2121 2042 2164 Postre-

348 2207 462 2233 mum
495 2193 570 2234 abs
603 2196 644 2234 te
676 2194 843 2235 veniam
883 2195 1088 2249 petimus,
1134 2195 1247 2250 quod
1284 2195 1331 2236 in
1361 2194 1492 2236 Tullii
1531 2194 1814 2248 epistularum
1853 2193 2040 2235 editione

348 2277 433 2304 non
477 2263 671 2305 Romano
724 2265 796 2305 sed
840 2265 1025 2306 nostrati
1068 2265 1135 2306 usi
1183 2280 1330 2307 sumus
1377 2263 1642 2306 Calendario.
1718 2264 1915 2306 Fecimus
1959 2264 2042 2307 hoc

349 2334 612 2387 temporibus
647 2335 860 2390 cedentes,
905 2350 1011 2389 quae
1044 2336 1172 2378 etiam
1212 2336 1257 2377 in
1288 2335 1448 2378 litteris
1487 2338 1658 2377 tantum
1696 2335 1858 2389 valent,
1902 2336 1951 2376 ut
1986 2349 2040 2376 ne

348 2404 758 2456 φιλολογικωτιὲτοις
792 2406 961 2460 quidem
992 2410 1166 2448 nostrae
1201 2407 1357 2449 aetatis
1383 2406 1630 2448 Romanum
1662 2405 1952 2448 calendarium
1978 2405 2042 2447 ita

350 2474 392 2513 in
425 2488 549 2516 succo
582 2478 624 2515 et
656 2476 862 2530 sanguine
896 2491 987 2518 esse
1021 2478 1175 2531 soleat,
1212 2481 1261 2519 ut
1293 2478 1382 2519 dies
1415 2477 1635 2519 Romanos
1674 2477 1916 2531 adscriptos
1949 2476 2040 2518 sine

350 2544 673 2587 ratiocinatione
693 2549 806 2587 recte
825 2547 982 2588 sentire
996 2548 1174 2602 possint.
1202 2547 1327 2590 Vale!
1354 2548 1524 2590 Dabam
1537 2548 1705 2590 Dresda
1718 2548 1785 2590 31.
1803 2547 1897 2590 Oct.
1914 2548 2039 2590 1890.
