2242 3496
56 980 88 1005 10

54 1427 86 1453 15

53 1807 88 1832 20

53 2162 87 2188 25

55 2517 89 2543 30

658 215 996 253 EPISTVLARVM
1022 217 1080 254 IV.
1112 222 1163 254 13.
1195 221 1245 255 14.
1744 220 1799 261 95

108 326 270 384 putabo
303 324 355 367 ad
389 324 449 378 id,
490 326 601 380 quod
636 326 849 380 volumus,
888 329 1109 383 pervenire
1150 344 1292 384 posse3
1330 329 1371 370 in
1405 327 1486 371 1106
1519 331 1612 370 toto
1646 344 1798 384 genero

108 399 232 454 plura
276 398 450 450 faciam,
494 412 619 452 quani
666 399 852 439 scribere
898 400 1042 441 audeo.
1107 403 1269 453 cetera,
1314 416 1420 455 quac
1467 400 1545 441 tibi
1589 416 1613 441 a
1652 402 1798 441 mullis

107 472 308 525 prompta
340 484 431 510 esse
465 473 582 511 certo
618 470 723 521 scio,
767 486 787 510 a
823 486 888 511 nie
923 475 1023 512 sunt
1058 472 1347 524 paratissima:
1390 471 1494 512 nihil
1531 472 1570 513 in
1606 487 1648 512 re
1682 472 1798 512 sanii-

107 540 203 581 liari
236 554 332 580 mea
363 542 445 592 est,
484 540 596 593 quod
631 554 710 594 ego
744 556 883 581 meum
919 542 1063 581 malini
1098 557 1188 582 esse
1223 557 1350 596 quam
1383 545 1522 595 tuum,
1561 542 1639 583 hac
1672 543 1721 583 dc
1756 558 1798 583 rc

108 613 151 652 et
182 610 232 652 de
264 610 345 651 hoc
384 624 538 664 genere
578 613 671 651 toto
711 610 791 650 hoc
825 611 964 652 scribo
997 612 1185 665 parcius,
1228 613 1338 666 quod
1380 616 1420 653 te
1458 613 1519 666 id,
1558 613 1669 667 quod
1709 613 1798 667 ipse

107 682 288 735 confido,
320 695 492 734 sperare
526 681 650 724 malo,
685 685 726 721 te
759 696 852 722 esse
885 697 1061 723 usurum
1095 683 1191 723 tuis
1243 686 1479 724 extremum
1507 684 1610 725 illud
1643 687 1721 738 est,
1753 686 1801 724 ut

106 756 149 794 te
182 766 299 793 orem
339 755 383 792 et
421 751 662 805 obsecrem,
703 753 846 792 animo
881 758 927 793 ut
968 753 1152 794 maximo
1192 754 1249 794 sis
1288 769 1364 795 nec
1397 770 1446 795 ea
1479 754 1616 795 solum
1658 755 1799 795 memi-

106 823 233 877 neris,
265 837 370 877 quae
404 822 457 863 ab
492 822 587 862 aliis
622 824 791 877 magnis
818 823 920 864 viris
955 824 1169 877 accepisti,
1202 825 1272 865 sed
1302 825 1376 865 illa
1402 825 1543 880 ctiam,
1576 840 1682 880 quae
1709 825 1799 879 ipsc

107 894 279 950 ingenio
325 893 554 946 studioque
598 893 824 946 peperisti,
869 908 974 946 quae
1015 893 1048 933 si
1092 894 1288 947 colliges,
1333 897 1375 935 et
1420 896 1611 949 sperabis
1658 896 1800 936 omnia

109 965 270 1020 optime
303 966 357 1019 et,
390 978 497 1018 quae
532 963 736 1015 accident,
771 963 1099 1016 qualiacumque
1133 967 1277 1019 erunt,
1310 966 1525 1018 sapienter
1556 966 1677 1007 feres.
1728 967 1798 1007 sed

106 1036 210 1078 haec
251 1039 301 1076 tu
344 1034 496 1076 melius
543 1034 606 1075 vel
653 1034 816 1088 optime
862 1034 1072 1074 omnium:
1117 1048 1217 1089 ego,
1263 1050 1369 1089 quae
1413 1037 1626 1089 pertinere
1664 1038 1714 1078 ad
1755 1040 1797 1077 te

106 1106 369 1162 intellegam,
402 1104 718 1147 studiosissime
745 1104 889 1145 omnia
916 1104 1330 1160 diligentissimeque
1357 1107 1513 1147 curabo
1542 1110 1797 1161 tuorumque

107 1177 358 1219 tristissimo
392 1192 487 1219 meo
521 1179 714 1229 tempore
748 1176 999 1216 meritorum
1028 1190 1130 1231 erga
1156 1192 1221 1217 me
1247 1178 1498 1218 memoriam
1525 1179 1797 1219 conservabo.

758 1288 762 1292 ’
803 1311 918 1352 xlv.
967 1311 1102 1364 (194.)

514 1406 568 1448 M.
603 1405 815 1448 61611110
852 1405 891 1447 s.
925 1405 973 1446 D.
1008 1404 1096 1447 CN.
1130 1405 1393 1448 PLANCIO.

224 1503 356 1545 Binas
389 1517 414 1543 a
444 1505 486 1543 te
519 1502 662 1555 accepi
696 1501 865 1542 litteras
899 1500 1111 1555 Corcyrae
1144 1502 1279 1556 datas,
1312 1516 1491 1556 quarum
1517 1497 1664 1543 alteris
1692 1502 1796 1543 mihi

107 1575 403 1632 gratulabare,
441 1573 555 1628 quod
593 1572 784 1614 audisses
819 1588 884 1614 me
918 1588 1058 1614 meam
1096 1572 1341 1627 ‘pristinam
1382 1571 1654 1627 dignitatem’
1693 1574 1800 1627 opti-

106 1661 218 1700 nere,
250 1645 396 1687 alteris
423 1644 594 1686 dicebas
621 1647 663 1685 te
690 1643 810 1697 velle,
842 1658 950 1698 quae
984 1644 1181 1699 egissem,
1211 1644 1319 1684 bene
1346 1646 1388 1684 et
1414 1642 1596 1684 feliciter
1622 1644 1800 1686 evenire.

107 1732 187 1774 ego
219 1720 376 1771 autem,
408 1716 445 1758 si
477 1715 667 1771 dignitas
694 1719 761 1757 est
792 1715 900 1756 bene
933 1715 982 1756 de
1016 1730 1060 1756 re
1093 1715 1267 1769 publica
1294 1714 1452 1755 sentire
1478 1717 1521 1755 et
1548 1714 1670 1755 bonis
1700 1714 1800 1755 viris

107 1789 309 1843 probare,
343 1787 457 1843 quod
489 1788 670 1841 sentias,
709 1786 883 1841 optineo
917 1786 1173 1841 dignitatem
1206 1801 1363 1839 meam3
1402 1785 1467 1826 sin
1501 1787 1643 1825 autem
1678 1785 1718 1825 111
1753 1800 1800 1825 eo

106 1859 296 1916 dignitas
335 1862 418 1913 est,
457 1858 511 1912 si,
541 1858 664 1913 ,quod
703 1857 882 1912 sentias,
921 1860 996 1898 aut
1034 1872 1079 1898 re
1118 1856 1286 1898 efficere
1324 1856 1465 1910 possis
1504 1858 1580 1896 aut
1621 1855 1801 1909 denique

105 1930 243 1972 libera
275 1930 468 1972 oratione
507 1929 750 1982 defendere,
791 1943 844 1969 ne
882 1927 1115 1983 vestigium
1154 1928 1327 1982 quidem
1358 1926 1495 1967 ullum
1527 1929 1592 1967 est
1626 1926 1803 1968 relicum

106 2001 232 2043 nobis
264 2000 504 2057 dignitatis,
536 2000 764 2055 agiturque
796 1999 1028 2054 praeclare,
1059 1998 1095 2040 si
1127 2001 1299 2040 nosmet
1330 1998 1448 2052 ipsos
1476 2011 1622 2052 regere
1654 2011 1801 2051 possu-

107 2087 221 2128 mUS,
257 2075 307 2114 ut
339 2087 406 2127 ea,
443 2086 549 2126 quae
580 2070 743 2126 partim
775 2070 861 2112 iam
893 2070 1066 2122 adsunt,
1104 2069 1261 2123 partim
1298 2068 1546 2122 inpendent,
1584 2068 1803 2109 moderate

105 2142 306 2199 feramus,
337 2143 451 2198 quod
483 2145 550 2184 est
582 2141 758 2184 difficile
791 2141 837 2182 in
868 2140 1079 2182 eiusmodi
1111 2139 1238 2193 bello,
1271 2139 1390 2180 cuius
1423 2139 1564 2180 exitus
1591 2153 1640 2179 ex
1668 2138 1805 2179 altera

106 2217 226 2270 parte
258 2214 429 2256 caedem
463 2215 674 2269 ostentat,
711 2227 761 2254 ex
793 2212 931 2253 altera
969 2211 1240 2253 servitutem:
1283 2224 1366 2263 quo
1400 2209 1445 2249 in
1477 2208 1669 2263 periculo
1701 2222 1803 2249 non-

107 2285 215 2328 nihil
247 2300 314 2327 me
348 2285 613 2339 consolatur,
655 2298 753 2325 cum
790 2283 991 2325 recordor
1028 2283 1134 2323 haec
1166 2296 1232 2323 me
1265 2283 1358 2321 tum
1398 2279 1572 2334 vidisse,
1615 2294 1710 2320 cum
1743 2293 1803 2319 se-

107 2357 266 2398 cundas
299 2355 431 2398 etiam
463 2370 529 2397 res
561 2357 746 2409 nostras,
778 2369 864 2395 non
898 2353 1024 2395 modo
1059 2353 1269 2407 adversas,
1301 2350 1659 2405 pertimescebam
1691 2349 1802 2389 vide-

107 2428 304 2482 bamque,
331 2429 491 2482 quanto
517 2426 708 2482 periculo
736 2426 785 2466 de
812 2425 903 2466 iure
931 2424 1103 2479 publico
1131 2423 1443 2476 disceptaretur
1470 2420 1612 2473 armis,
1646 2419 1802 2473 quibus

109 2498 146 2540 si
177 2498 216 2539 ei
249 2497 465 2552 vicissent,
499 2498 551 2538 ad
577 2511 685 2552 quos
713 2511 792 2551 ego
826 2495 943 2550 pacis
971 2509 1056 2549 spe,
1092 2509 1177 2535 non
1204 2493 1307 2534 belli
1335 2491 1568 2546 cupiditate
1596 2490 1803 2545 adductus

110 2583 385 2623 accesseram,
411 2571 557 2609 tamen
583 2567 904 2621 intellegebam,
932 2568 974 2606 et
998 2565 1209 2606 iratorum
1234 2563 1457 2605 hominum
1484 2564 1527 2603 et
1554 2561 1803 2615 cupidorum

230 2689 260 2720 1.
292 2683 502 2730 pervenire]
540 2682 726 2728 perveniri
764 2683 818 2716 vel
854 2681 976 2728 (nos)
1014 2680 1206 2725 pewenire
1244 2680 1298 2713 ‘vel
1337 2677 1528 2722 pervenire
1562 2676 1675 2723 <1116>
1709 2677 1776 2710 alii
1803 2682 1805 2718 ξ

111 2735 143 2767 2.
170 2733 319 2776 ceteras]
341 2734 346 2777 Ι
368 2742 474 2776 quae,
502 2743 527 2775 q
551 2743 630 2775 ecc-p.
657 2742 702 2765 m.
732 2734 761 2774 1,
787 2734 827 2763 ut
853 2730 939 2771 vid„
966 2728 1009 2761 M
1033 2731 1044 2772 n
1070 2734 1100 2762 3.
1128 2728 1228 2761 certo
1256 2726 1300 2759 M
1308 2755 1315 2769 ,
1343 2727 1441 2759 certe
1470 2725 1541 2759 GR,
1565 2728 1577 2767 Ιι
1602 2722 1803 2768 pai-atussi—

112 2790 173 2814 ma
199 2779 253 2824 M,
278 2780 362 2823 fort.
385 2790 455 2824 pro
480 2778 733 2823 paratissuma
764 2779 775 2820 Ι]
807 2780 838 2810 4.
865 2776 951 2821 hac}
979 2786 1023 2809 ac
1050 2775 1108 2816 M,
1141 2785 1186 2808 ea
1214 2774 1284 2808 GR
1315 2775 1326 2815 ΙΙ
1358 2777 1388 2806 6.
1417 2777 1446 2806 7.
1473 2773 1516 2805 ut
1540 2771 1594 2817 te]
1622 2782 1644 2804 u
1670 2772 1706 2804 te
1735 2770 1777 2803 M
1804 2789 1805 2813 ;

115 2829 146 2862 7.
172 2837 272 2861 orem
301 2827 382 2870 GR,
408 2827 526 2861 ortem
554 2825 599 2858 M
621 2827 632 2868 Ι]
661 2823 784 2858 animo
810 2822 971 2856 maximo
998 2823 1039 2855 ut
1067 2820 1214 2866 (ι’-11616]
1242 2820 1272 2854 si
1300 2820 1343 2853 M
1360 2821 1372 2863 ΙΙ
1392 2823 1422 2854 9.
1450 2818 1618 2863 colliges!
1645 2816 1805 2861 colleges

115 2873 174 2918 M,
207 2873 362 2920 colligas
392 2874 462 2909 GR
494 2875 505 2917 Ι]
539 2876 592 2906 10.
625 2870 779 2915 optime]
816 2869 958 2914 optima
990 2869 1147 2913 Madvig]
1178 2868 1289 2911 Caclv.
1317 2867 1412 2901 crit?
1441 2866 1550 2910 1111).
1574 2869 1666 2907 156).
1711 2868 1749 2899 at
1774 2876 1804 2899 v.

116 2920 152 2956 Ο.
169 2920 214 2956 F.
238 2922 293 2956 W.
309 2921 447 2956 Mallem·
473 2921 570 2955 ‘krist
592 2919 691 2953 Bem.
713 2928 741 2952 z.
763 2918 862 2951 Pan.
883 2929 919 2950 n.
938 2917 987 2950 Ιι.’
1018 2918 1157 2961 (proqr.
1177 2914 1322 2949 Vratisl.
1348 2914 1451 2957 1888)
1473 2925 1510 2957 p.
1532 2917 1551 2946 2
1567 2923 1629 2957 sq„
1654 2911 1805 2956 Nfiyels-

115 2968 221 3004 bach8
240 2979 278 3014 p.
300 2971 367 3003 582
381 2979 431 3013 sq.
462 2968 474 3012 ΙΙ
505 2967 544 3001 et
569 2976 664 3010 quae
686 2985 727 2990 —
750 2968 803 2998 11.
831 2963 970 3008 optime
1001 2974 1067 2997 om.
1094 2963 1130 2997 R
1160 2963 1173 3006 Ι]
1205 2965 1259 2996 16.
1287 2972 1434 3005 coreyre
1459 2962 1512 3004 Ω,
1544 2959 1703 3003 Corcyra
1727 2959 1804 2993 alii.

113 3032 159 3076 cf.
185 3032 232 3068 A.
253 3032 392 3068 Ko'hler
416 3043 542 3078 progr.
575 3030 738 3066 Norimb.
768 3032 858 3061 1890
881 3030 984 3071 1›.26
1021 3029 1033 3071 ΙΙ
1073 3030 1125 3062 17.
1157 3025 1398 3072 gratulabare
1430 3025 1482 3068 R,
1516 3007 1723 3068 gratulal'&
1758 3023 1807 3057 ba

115 3090 139 3114 a
161 3090 206 3115 m.
235 3083 272 3124 1,
301 3080 352 3124 G,
386 3079 625 3125 gratulabere
652 3077 699 3111 M
733 3078 745 3120 Ι]
781 3079 838 3110 21.
864 3085 971 3119 posse
1000 3074 1064 3108 Mc
1100 3076 1112 3117 ΙΙ
1148 3078 1203 3109 22.
1237 3072 1388 3108 relicum
1416 3072 1476 3115 M,
1508 3070 1679 3106 relictum
1707 3069 1808 3114 61111

115 3128 170 3160 26.
202 3127 368 3161 ostentat
399 3126 527 3170 McG,
565 3124 739 3160 ostendat
770 3123 821 3166 R,
861 3123 1023 3156 ostentet
1054 3121 1114 3155 M¹
1153 3124 1165 3165 ΙΙ
1201 3124 1256 3155 27.
1290 3131 1346 3154 me
1382 3121 1461 3153 tum
1491 3119 1548 3162 M,
1586 3128 1729 3152 mecum
1763 3118 1809 3156 G,

116 3182 237 3207 meum
263 3174 298 3208 R
317 3174 330 3217 ΙΙ
349 3177 404 3209 30.
431 3173 482 3219 ei]
507 3172 547 3207 hi
573 3174 617 3215 Ω,
644 3172 671 3206 ii
697 3183 717 3208 ς

1827 2221 1846 2250 to
