2242 3496
339 190 404 224 XII
1050 185 1334 222 PRAEFATIO.

338 299 539 340 volumen
583 313 669 339 non
711 297 852 338 minus
894 296 1021 337 hodie
1066 297 1264 350 superest
1305 310 1433 350 quam
1475 296 1585 338 liber
1627 297 1887 352 archetypus
1929 298 2038 340 unde

339 370 513 411 ductum
548 371 629 410 est:
673 367 878 409 nimirum
916 365 1022 407 illud
1059 367 1125 406 est
1158 365 1232 420 qui
1265 366 1318 407 ad
1349 365 1597 409 Petrarcam
1630 368 1740 410 falso
1773 368 2041 410 referebatur

336 441 417 482 eod.
446 440 554 481 Med.
580 440 649 493 49,
672 440 694 479 7
722 438 832 491 (Ρ),
854 436 924 478 1110
958 436 1067 478 Med.
1093 436 1161 490 49,
1183 437 1209 478 9
1236 436 1340 490 (M).
1403 452 1539 479 annus
1572 438 1707 493 igitur
1741 439 1853 482 1389
1885 439 2040 480 harum

338 511 619 565 epistularum
645 508 767 563 quasi
790 507 947 549 natalis
972 522 1110 548 novus
1138 507 1342 549 dicendus
1369 511 1435 550 est
1456 507 1742 563 Coluciusque
1769 511 1892 565 quasi
1918 513 2042 565 pater

338 581 584 635 adoptivus:
617 579 662 621 M
695 579 808 620 enim
841 578 1059 633 ceterique
1093 578 1261 620 codices
1294 579 1456 621 vetusti
1490 594 1587 621 cum
1619 580 1751 621 etiam
1785 583 1936 634 postea
1968 581 2040 622 diu

337 654 609 693 remanerent
641 649 779 691 abditi
812 649 1040 703 publicove
1075 649 1173 691 usui
1206 650 1418 705 denegati,
1451 649 1685 692 Coluciano
1715 665 1767 692 ex
1793 651 2042 706 apographo

336 737 566 763 numerosa
586 720 814 775 paullatim
840 721 1040 775 provenit
1066 721 1222 775 proles,
1249 736 1299 763 ex
1328 736 1412 776 qua
1437 721 1649 776 epistulae
1675 721 1775 763 illae
1794 721 2042 764 hominibus

337 793 474 834 doctis
507 807 584 846 per
617 791 758 846 quinti
790 792 945 833 decimi
978 792 1137 834 saeculi
1171 793 1399 835 decursum
1430 793 1724 834 innotuerunt.

451 863 555 905 haec
587 863 724 918 igitur
751 863 890 905 adhuc
916 862 1000 905 dici
1032 866 1215 918 possunt
1242 864 1292 905 de
1320 862 1539 906 Ciceronis
1566 863 1851 919 epistularum
1879 864 2044 907 miscel-

334 935 471 976 larum
515 949 591 989 per
631 934 820 976 medium
863 949 1015 976 aevum
1055 935 1388 989 propagatione,
1431 936 1483 976 ad
1523 950 1631 989 quae
1672 937 1721 976 ut
1761 950 1872 977 nova
1910 950 2043 991 eaque

334 1008 450 1048 certa
483 1006 695 1081 addantur
727 1006 980 1048 testimonia
1012 1005 1132 1047 valde
1175 1006 1413 1060 optandum
1446 1008 1521 1047 est.
1536 1003 1569 1061 ¹)
1631 1009 1863 1060 supersunt
1895 1010 2040 1048 autem

332 1110 479 1145 felicem
500 1112 607 1145 tanto
627 1111 770 1155 talique
792 1111 899 1154 dono,
920 1110 1119 1154 Pasquine,
1139 1122 1227 1144 nam
1247 1122 1330 1145 cum
1346 1122 1389 1145 ex
1402 1110 1508 1145 libris
1526 1112 1562 1145 et
1577 1110 1808 1145 orationibus
1824 1109 2039 1146 Ciceronem

333 1169 455 1192 meum
479 1158 573 1192 mihi
599 1158 675 1192 iam
700 1170 774 1192 non
806 1158 1039 1203 incognitum
1069 1169 1281 1202 venerarer
1313 1170 1410 1193 nunc
1442 1159 1564 1211 ipsum
1595 1158 1688 1192 mihi
1719 1160 1840 1192 totum
1872 1158 1942 1193 hoc
1973 1160 2038 1193 tuo

334 1217 483 1239 munere
504 1205 707 1241 tradidisti.
753 1205 832 1240 vidi
854 1205 1006 1249 qualis'
996 1218 1035 1239 1n
1054 1216 1092 1239 re
1112 1218 1160 1251 p.‚
1187 1208 1349 1250 quantus
1370 1206 1467 1240 inter
1486 1205 1625 1240 amicos
1646 1207 1684 1240 et
1699 1205 1857 1240 Romani
1878 1205 2040 1241 nominis

332 1253 518 1298 principes
546 1253 757 1288 antecessit.
802 1253 912 1287 video
939 1264 1051 1297 quam
1078 1254 1202 1287 audax
1228 1253 1345 1295 bello,
1378 1265 1489 1298 quam
1516 1253 1647 1288 avidus
1674 1253 1807 1298 glorie,
1841 1254 1878 1287 et
1904 1253 2039 1298 quibus

333 1300 475 1334 artibus
502 1302 580 1335 tam
607 1301 685 1346 ipse
713 1312 825 1345 quam
851 1301 965 1335 ceteri
985 1301 1236 1335 Romanorum
1258 1301 1357 1335 fame
1379 1301 1613 1346 splendorem
1633 1301 2040 1355 cominendationisque

331 1348 505 1393 precwonii
531 1349 754 1382 venerentur
779 1348 1006 1392 (‘venentur'
1036 1348 1129 1383 coni.
1150 1348 1318 1393 VieiQtel)
1371 1348 1449 1383 vidi
1475 1350 1540 1383 tuo
1566 1359 1717 1383 munere
1742 1348 1925 1383 bellorum
1951 1348 2041 1383 civi-

331 1394 423 1429 lium
449 1395 695 1430 fundamenta
721 1398 758 1430 et
784 1395 875 1440 quid
901 1397 1014 1442 caput
1043 1395 1138 1430 illud
1170 1396 1269 1430 orbis
1301 1398 1483 1431 terrarum
1516 1396 1559 1431 de
1592 1396 1768 1430 libertate
1800 1395 1976 1449 populica
2001 1396 2041 1430 in

331 1443 569 1477 monarchiae
597 1443 803 1478 detruderit
829 1445 907 1481 (sec)
935 1443 1163 1479 servitutem
1208 1443 1288 1478 vidi
1314 1443 1526 1478 Ciceronem
1552 1455 1675 1478 meum
1702 1455 1814 1488 quam
1836 1443 1875 1478 in
1893 1443 2042 1478 familia

332 1490 590 1535 111itis‚quam
617 1491 792 1536 deceptus
819 1491 858 1525 in
883 1490 977 1535 filio,
1014 1502 1126 1544 quam
1153 1491 1370 1536 desperatus
1397 1491 1436 1525 in
1462 1491 1645 1535 adversis,
1679 1502 1791 1535 quam
1815 1491 1970 1525 timidus
2002 1491 2041 1525 in

331 1520 504 1583 pericdlis
532 1550 717 1582 quamque
743 1538 857 1573 fuerit
882 1538 922 1572 in
946 1520 1131 1584 prosperis
1159 1538 1232 1573 sibi
1257 1539 1454 1574 blandiens
1479 1541 1516 1573 et
1536 1549 1696 1573 securus.
1740 1537 1861 1572 multa
1881 1539 2040 1583 denique

331 1585 409 1619 vidi
436 1598 506 1630 que
533 1586 626 1620 mihi
651 1588 757 1621 tante
782 1585 929 1620 laetitie
954 1586 1105 1620 fuerunt
1130 1588 1311 1630 quantam
1337 1598 1501 1631 unquam
1524 1587 1662 1621 habere
1682 1597 1790 1632 posse
1810 1597 1877 1621 nec
1899 1586 2041 1621 credidi

331 1644 397 1667 1100
425 1633 582 1678 speravi.
627 1633 717 1677 quid
743 1633 842 1668 enim
867 1633 959 1667 mihi
990 1633 1184 1668 iocundius
1212 1645 1290 1668 esse
1315 1636 1441 1679 potest
1467 1645 1579 1678 quam
1606 1646 1688 1667 cum
1716 1633 1890 1669 Cicerone
1925 1633 2040 1678 loqui,

331 1692 443 1724 quam
462 1682 519 1715 tot
538 1692 742 1726 procerum,
765 1680 1096 1715 scientissimorum
1116 1681 1289 1723 virorum,
1311 1693 1402 1725 quos
1423 1682 1597 1716 volumen
1617 1681 1723 1725 illud,
1743 1694 1877 1716 munus
1898 1681 2042 1716 scilicet

332 1732 437 1762 tuum
462 1740 547 1772 ymo
576 1728 744 1763 divinum
769 1728 901 1772 habet,
937 1729 1078 1763 vidisse
1109 1730 1190 1763 tum
1223 1729 1476 1773 eloquentiam
1506 1731 1587 1763 tum
1618 1740 1738 1763 mores
1770 1731 1851 1763 tum
1882 1729 2040 1764 virtutes

331 1777 410 1809 tum
437 1787 543 1809 casus
571 1776 693 1811 varios
721 1778 758 1811 et
784 1776 962 1811 affectus?
1006 1776 1130 1811 nescio
1158 1777 1204 1811 de
1230 1777 1333 1819 aliis,
1368 1777 1412 1811 de
1438 1788 1497 1811 1110
1524 1777 1651 1811 autem
1681 1776 1877 1811 verissime
1908 1776 2041 1811 testari

330 1835 481 1868 possum
512 1834 570 1858 me
602 1835 793 1868 nunquam
831 1823 976 1868 aliquid
1015 1823 1119 1858 aliud
1159 1824 1430 1869 speculativum
1468 1824 1528 1859 vel
1558 1824 1788 1868 hystoricum
1819 1826 1899 1858 tam
1931 1824 2041 1859 avide

331 1872 481 1915 tamque
509 1882 592 1905 cum
617 1871 767 1906 laetitia
792 1871 1006 1916 perlegisse.
1053 1871 1163 1905 simul
1190 1872 1297 1915 enim,
1326 1872 1424 1916 quod
1450 1871 1683 1906 rarissimum
1702 1874 1769 1916 est,
1795 1883 1917 1906 rerum
1936 1872 2040 1907 novi-

331 1920 389 1952 103
416 1920 527 1962 atque
553 1919 729 1963 varietas,
758 1918 992 1963 eloquentiae
1020 1919 1196 1964 splendor
1222 1921 1258 1953 et
1285 1920 1527 1954 scribentium
1554 1919 1757 1954 auctoritas
1789 1919 2040 1956 delectabant.

332 1966 429 2000 unde
456 1966 604 2009 donum,
633 1966 664 2000 si
689 1968 922 2000 mensuretur
948 1967 1077 2010 rebus,
1103 1978 1177 2000 non
1203 1967 1368 2012 potuerit
1394 1979 1472 2002 esse
1498 1967 1637 2010 maius,
1665 1966 1695 2000 si
1721 1967 1861 2011 fructu,
1888 1966 2041 2020 reperiri

331 2025 404 2047 non
429 2013 549 2058 possit
574 2014 724 2058 utilius,
753 2014 811 2047 sin
837 2016 963 2048 autem
989 2013 1142 2058 affectu,
1170 2014 1431 2049 delectabilius
1457 2026 1590 2059 neque
1580 2016 1619 2048 at
1646 2014 1814 2060 cogitari.
1860 2025 1964 2060 ergo,
1990 2014 2042 2048 mi

332 2060 528 2104 Ρο3001110
556 2063 642 2095 tuus
662 2061 864 2096 virtutibus
891 2061 965 2095 tuis
986 2073 1098 2103 eram,
1125 2074 1222 2096 nun(
1244 2064 1369 2097 autem
1388 2062 1459 2096 tali
1480 2064 1517 2097 et
1536 2063 1643 2109 tanto
1663 2073 1813 2096 munere
1835 2073 1893 2096 me
1912 2061 2043 2096 taliter

333 2108 533 2142 devinxisti
559 2108 658 2152 quod
684 2108 795 2143 fateri
821 2110 993 2154 oporteat
1017 2120 1076 2143 me
1101 2109 1190 2150 fore,
1218 2110 1316 2153 quod
1342 2110 1404 2143 vix
1431 2110 1505 2144 dici
1531 2111 1675 2154 potest,
1704 2109 1781 2144 sine
1807 2120 1930 2144 rerum
1956 2121 2040 2144 con-

331 2156 512 2190 troversia
538 2155 621 2201 plus
649 2168 761 2200 quam
787 2158 902 2191 tuum.
948 2157 1074 2191 omnia
1101 2169 1132 2190 31
1123 2139 1294 2210 quidem,
1323 2158 1430 2192 crede
1456 2157 1560 2198 mihi,
1588 2168 1683 2201 quae
1704 2157 1855 2191 fortuna
1874 2168 1959 2202 ymo
1980 2157 2041 2191 dei

333 2203 529 2248 dispositio
556 2204 657 2248 (nam
682 2203 834 2238 fortuna
859 2203 953 2238 nihil
981 2206 1050 2239 03131
1078 2205 1204 2249 posuit
1229 2204 1267 2238 in
1293 2205 1465 2239 manibus
1492 2205 1583 2239 meis
1604 2216 1678 2239 non
1699 2216 1824 2239 servus
1847 2204 1911 2239 sed
1931 2216 2040 2239 verus

332 2250 503 2285 dominus
528 2251 702 2296 possideo
728 2253 876 2296 praeter
901 2251 1028 2286 libros.
1073 2251 1238 2295 illorum,
1265 2252 1402 2296 fateor,
1440 2264 1564 2287 servus
1593 2264 1673 2286 sum
1704 2251 2040 2296 tenacissimusque

333 2309 522 2342 possessor
547 2300 584 2332 et
611 2310 744 2333 avarus
772 2310 815 2333 00
841 2299 1071 2334 insatiabilis
1099 2299 1380 2345 0111101110τῖ-
1401 2321 1445 2325 -
1468 2321 1509 2325 —

453 2348 486 2383 11
514 2357 658 2380 30101110
695 2348 823 2380 tamen
853 2346 915 2380 hic
947 2358 1038 2391 opus
1071 2348 1128 2381 est
1160 2347 1331 2381 cautione
1366 2359 1412 2382 ne
1443 2347 1565 2381 titulis
1598 2346 1768 2381 vei-bisve
1800 2358 1844 2381 ex
1875 2346 2042 2381 fontibus

332 2393 430 2427 notis
458 2393 664 2439 desumptis
693 2393 939 2439 decipiamur:
965 2406 998 2428 V.
1026 2405 1122 2438 quae
1148 2397 1398 2440 exposuerunt
1424 2395 1469 2429 de
1489 2395 1597 2430 Petro
1618 2395 1784 2430 Blese‘nsi
1809 2395 1847 2429 et
1869 2395 2042 2430 Gualtero

333 2440 473 2486 Burley
499 2440 577 2485 (‘de
602 2441 682 2475 vita
709 2442 746 2476 et
771 2452 860 2476 mor.
888 2441 1037 2486 philos'
1065 2455 1099 2486 p.
1123 2445 1191 2476 318
1207 2454 1249 2486 sq
1226 2455 1259 2486 q.
1287 2443 1343 2478 ed.
1364 2442 1499 2487 Knust)
1528 2441 1798 2487 010111111001.2
1824 2455 1859 2487 p.
1879 2441 2041 2486 VHIsq„

333 2487 377 2521 de
407 2488 585 2523 Gulielmo
618 2490 660 2523 ἀ(
685 2455 912 2534 Pastoenqop
918 2488 1110 2523 Detlefsen
1144 2501 1227 2524 ann.
1255 2489 1346 2535 phil.
1375 2493 1465 2524 1863
1491 2503 1526 2535 p.
1550 2493 1627 2525 553.
1679 2489 1731 2524 sic
1763 2489 1856 2523 mihi
1891 2471 2042 2533 quideni

333 2534 443 2569 valde
469 2535 584 2570 dubia
610 2547 724 2570 causa
751 2536 907 2570 duorum
935 2536 1128 2570 hominum
1162 2537 1355 2571 doctorum
1381 2537 1574 2572 Gallorum
1601 2548 1623 2571 a
1651 2538 1694 2572 G.
1716 2537 1808 2582 Voiy
1810 2538 1860 2571 tio
1885 2536 1958 2570 huc
1984 2548 2041 2570 ar-

333 2582 565 2626 cessitomm,
602 2584 756 2618 Ioannis
787 2585 829 2619 de
854 2584 1092 2619 Monstewlzo
1124 2586 1162 2618 et
1187 2585 1338 2619 Nv‘colaz·
1369 2586 1411 2620 de
1440 2584 1671 2630 Glemanyz'is.
1716 2584 1816 2628 quod
1847 2583 1946 2618 0111111
1977 2583 2042 2619 1110

334 2636 438 2664 mus.
464 2629 581 2665 Rhen.
603 2630 764 2665 XXXVI
794 2634 895 2665 1881.
922 2644 956 2676 p.
980 2634 1047 2665 475
1063 2633 1130 2675 sq)
1157 2632 1366 2676 3113111(οῡ113
1388 2633 1444 2666 est
1463 2633 1660 2676 utrumque
1681 2643 1788 2665 usum
1809 2642 1888 2666 esse
1907 2631 2041 2666 harum

334 2676 577 2720 epistularum
610 2677 736 2711 codice
774 2678 900 2722 aliquo
933 2678 998 2722 qui
1027 2690 1101 2713 non
1138 2680 1359 2724 pependerit
1391 2691 1409 2714 e
1441 2679 1624 2722 Mediceo,
1663 2679 1701 2712 id
1733 2689 1862 2713 vereor
1893 2680 1935 2713 ut
1965 2678 2041 2713 iam

333 2723 450 2757 teneri
476 2724 595 2769 possit
619 2745 658 2750 -
681 2736 853 2769 quamqu·
848 2737 908 2760 rm
940 2725 1091 2770 plenam
1123 2726 1316 2760 iudicandi
1347 2727 1512 2761 nondum
1542 2709 1646 2761 nacti
1679 2738 1802 2760 sumus
1835 2725 2038 2760 materiem.

335 2772 480 2805 (onstat
505 2771 621 2816 igitur
646 2772 756 2806 hodie
785 2774 831 2815 (v.
854 2774 894 2808 A.
917 2773 1078 2807 Thomas
1108 2774 1169 2808 ‘de
1189 2774 1337 2808 Ioannis
1360 2774 1404 2808 de
1424 2773 1666 2809 Monsterolio
1692 2774 1772 2808 vita
1792 2775 1830 2807 et
1849 2772 2038 2818 operibus’

336 2817 420 2852 diss.
443 2818 557 2854 Paris
588 2822 678 2853 1883
704 2832 738 2864 p.
761 2822 791 2854 8.
815 2817 873 2864 89)
899 2821 1075 2855 Ioannem
1095 2820 1202 2855 illum
1225 2843 1265 2847 —
1287 2821 1406 2855 vitam
1426 2821 1505 2856 eius
1526 2821 1697 2856 universe
1718 2820 1907 2855 enarravit
1926 2819 2042 2866 Voigt

334 2864 443 2898 1111111
438 2876 567 2899 10131111
594 2868 618 2900 t.
640 2866 696 2900 II‘¹
721 2879 756 2911 p
778 2870 845 2900 347
862 2879 913 2911 sq.
938 2889 975 2893 —
1002 2868 1118 2903 fuisse
1144 2868 1220 2902 iam
1248 2880 1279 2903 a
1302 2872 1391 2902 1395
1418 2869 1456 2902 in
1481 2868 1613 2912 Italia,
1640 2868 1662 2903 i
1684 2879 1713 2903 e.
1742 2867 1905 2912 quinque
1932 2878 2041 2902 sexve

335 2911 440 2944 annis
467 2914 665 2965 postquam
692 2912 863 2947 Colucius
890 2914 959 2948 mis
945 2915 1076 2949 (01103
1104 2915 1290 2950 Ciceronis
1317 2915 1498 2960 epistulas
1524 2917 1655 2950 nactus
1683 2917 1749 2949 est.
1794 2914 1922 2959 itaque
1946 2915 2041 2949 nihil

335 2959 460 2992 obstat
486 2959 575 3002 quin
602 2961 649 2994 ad
675 2972 759 2995 eum
784 2961 824 2994 in
843 2961 955 2995 Italia
979 2965 1269 2998 commorantem
1289 2962 1504 3007 Coluciique
1525 2963 1664 2997 dudum
1685 2962 1894 2997 studiosum
1913 2962 2041 3006 aliqua

336 3005 379 3039 de
400 3006 480 3039 thes
485 3017 573 3040 auro
595 3007 659 3041 illo
681 3008 783 3042 fama
802 3008 1013 3053 pervenerit
1032 3009 1065 3042 h
1060 3010 1268 3054 tbendique
1291 3010 1537 3056 cupiditatem
1558 3010 1780 3045 accenderit.
1821 3021 1894 3044 non
1913 3010 2040 3043 tamen

336 3051 483 3086 videtur
510 3052 710 3098 0010111110,
738 3055 842 3089 001113
870 3056 986 3101 ipsius
1014 3058 1051 3089 et
1077 3058 1281 3102 appetebat
1308 3060 1344 3092 et
1371 3058 1582 3103 accipiebat
1608 3057 1788 3103 epistulas
1809 3058 1855 3096 (v
1877 3056 2038 3090 Thomas

335 3103 793 3145 p.101.102.104.110)
827 3102 872 3137 de
905 3103 1078 3137 Cicerone
1112 3104 1350 3149 sollicitasse,
1391 3105 1455 3140 sed
1487 3116 1653 3140 reversus
1686 3105 1726 3138 in
1757 3103 1921 3156 Galliam
1952 3115 2040 3138 usus

337 3157 415 3181 esse
452 3146 673 3192 interposita
709 3149 867 3184 aliorum
901 3161 1021 3195 opera.
1075 3152 1205 3186 extant
1237 3152 1371 3186 saltem
1402 3154 1476 3197 (ap.
1504 3152 1685 3186 Thomam
1710 3164 1744 3196 p.
1767 3152 1849 3195 102)
1881 3150 1960 3185 0103
1993 3151 2041 3185 ad
