2242 3496
353 158 436 198 942
947 151 992 185 M.
1021 149 1160 184 TVLLI
1187 146 1436 182 CICERONIS

352 282 498 309 omnes
532 280 631 307 suos
664 260 1023 313 officiosissimus,
1055 256 1233 298 mirifice
1267 255 1476 310 quosdam
1507 256 1703 298 homines
1737 271 1787 298 ex
1825 257 1911 298 ista
1947 271 2041 311 pro-

350 338 490 380 vincia
535 338 679 377 tuetur
719 336 762 374 et
799 330 942 385 diligit
985 330 1230 383 propterea,
1276 327 1389 382 quod
1426 326 1509 368 fuit
1546 327 1591 368 in
1631 326 1778 370 Africa
1814 328 1901 383 bis,
1945 343 2042 370 cum

352 409 547 451 maximis
581 404 798 447 societatis
830 400 1018 456 negotiis
1051 401 1263 454 praesset3
1294 398 1442 452 itaque
1468 397 1550 439 hoc
1576 396 1666 440 eius
1694 398 1896 453 officium,
1929 399 2043 453 quod

352 480 578 522 adhibetur
609 489 711 530 erga
742 474 857 527 illos,
903 486 981 527 ego
1016 485 1110 512 mea
1148 469 1355 511 facultate
1394 471 1437 510 et
1475 469 1618 524 gratia
1656 469 1792 523 soleo,
1834 472 2043 524 quantum

351 564 545 605 possum,
594 546 816 599 adiuvare3
867 557 996 597 quare
1048 540 1364 596 Cuspianorum
1416 540 1608 582 omnium
1660 541 2044 584 commendationis
2082 559 2098 584 5

352 635 521 663 causam
552 619 631 658 hae
665 615 746 657 tibi
778 614 964 669 epistula
998 611 1290 666 exponendam
1321 611 1484 665 putavi,
1517 611 1690 653 relicuis
1723 612 1920 667 epistulis
1953 615 2045 654 tan-

352 696 441 732 tum
472 688 628 730 faciam
660 690 708 728 ut
738 688 888 727 notam
921 697 1134 739 apponam
1167 697 1272 736 eam,
1306 697 1414 737 quae
1448 681 1556 723 mihi
1588 685 1732 724 tecum
1759 683 1970 738 convenit,
2002 686 2046 725 et

304 793 309 800 .
352 760 476 803 simul
510 758 749 814 significem
781 757 830 798 de
863 769 1040 797 numero
1074 768 1166 795 esse
1200 751 1350 808 Cuspii
1382 753 1639 810 amicorum3
1681 754 1755 795 sed
1791 753 1902 797 hanc
1934 770 2047 797 com-

350 830 677 883 mendationem,
710 843 838 883 quam
870 827 938 868 his
967 825 1126 867 litteris
1154 824 1408 880 consignare
1434 824 1564 880 volui,
1597 824 1706 866 seito
1734 840 1826 867 esse
1854 825 2046 868 omnium

349 901 665 958 gravissimam:
702 914 802 940 nam
834 897 878 939 P.
907 896 1092 952 Cuspius
1129 895 1342 951 singulari
1381 896 1523 938 studio
1563 896 1785 938 contendit
1818 911 1842 938 a
1873 912 1960 952 me,
1996 900 2046 939 ut
2067 915 2100 941 10

351 974 429 1015 tibi
463 987 590 1027 quam
623 969 955 1026 diligentissime
988 967 1033 1009 L.
1061 966 1222 1009 Iulium
1255 967 1611 1009 commendarem.
1670 967 1760 1009 eius
1794 982 1874 1023 ego
1902 968 2046 1010 studio

348 1045 418 1086 rix
450 1043 596 1084 videor
628 1041 734 1083 mihi
766 1040 872 1082 satis
903 1039 1044 1081 facere
1075 1053 1222 1093 posse,
1256 1038 1292 1080 si
1323 1041 1421 1080 utar
1453 1038 1595 1080 verbis
1629 1038 1711 1094 eis,
1745 1039 1920 1094 quibus,
1951 1054 2048 1081 cum

349 1113 676 1170 diligentissime
710 1112 811 1167 quid
845 1111 1026 1167 agimus,
1058 1110 1124 1151 uti
1157 1109 1368 1165 solemus3
1398 1123 1510 1152 nova
1543 1110 1752 1164 quaedam
1776 1110 1973 1165 postulat
2005 1113 2049 1152 et

347 1188 472 1241 putat
505 1199 571 1226 me
605 1183 694 1225 eius
727 1183 897 1239 generis
931 1181 1164 1223 artificium
1197 1181 1413 1236 quoddam
1444 1184 1607 1223 tenere:
1641 1181 1679 1223 ei
1711 1195 1791 1237 ego
1826 1181 2049 1236 pollicitus

350 1272 444 1298 sum
488 1270 555 1296 me
600 1270 651 1296 ex
695 1254 850 1296 intima
892 1255 1042 1295 nostra
1087 1255 1177 1294 arte
1222 1252 1579 1307 deprompturum
1632 1251 1863 1294 mirificum
1913 1266 2048 1308 genus
2070 1270 2103 1296 15

349 1325 745 1370 commendationis.
808 1325 850 1366 id
895 1324 1101 1379 quoniam
1145 1323 1324 1378 adsequi
1367 1338 1455 1365 non
1498 1338 1694 1378 possum,
1739 1326 1787 1365 tu
1831 1338 1876 1364 re
1921 1323 2050 1381 velim

349 1399 529 1453 efficias,
569 1400 617 1438 ut
649 1397 720 1438 ille
753 1410 908 1452 genere
942 1410 1135 1438 mearum
1168 1395 1416 1437 litterarum
1447 1395 1690 1438 incredibili
1723 1395 1927 1450 quiddam
1958 1410 2051 1450 per-

349 1470 510 1512 fectum
542 1468 794 1510 arbitretur:
828 1468 871 1509 id
902 1467 1046 1522 facies,
1079 1467 1115 1508 si
1149 1481 1274 1509 omne
1301 1481 1436 1522 genus
1462 1465 1754 1522 liberalitatis,
1787 1466 1901 1521 quod
1927 1469 1971 1508 et
1996 1467 2049 1508 ab

348 1540 616 1582 humanitate
655 1543 698 1581 et
735 1541 952 1595 potestate
991 1541 1067 1580 tua
1104 1538 1320 1593 proficisci
1358 1537 1538 1593 poterit,
1580 1552 1667 1580 non
1705 1538 1831 1579 modo
1870 1552 1934 1593 re,
1977 1538 2051 1580 sed

349 1612 478 1653 etiam
499 1611 652 1666 verbis,
677 1611 800 1652 vultu
821 1610 1002 1665 denique
1027 1610 1362 1665 exprompseris3
1389 1624 1497 1665 quae
1526 1612 1734 1664 quantum
1760 1609 1804 1650 in
1830 1609 2052 1664 provincia
2072 1628 2106 1652 20

350 1684 530 1737 valeant,
561 1682 716 1724 vellem
749 1684 950 1736 expertus
978 1695 1084 1735 esse,
1117 1680 1191 1721 sed
1217 1683 1362 1722 tamen
1393 1681 1599 1736 suspicor.
1651 1681 1794 1735 ipsum
1819 1679 2052 1736 hominem,

351 1770 476 1810 quem
509 1754 589 1795 tibi
617 1753 881 1808 commendo,
912 1752 1169 1808 perdignum
1197 1766 1289 1793 esse
1316 1755 1392 1793 tua
1418 1752 1621 1807 amicitia,
1652 1766 1741 1793 non
1767 1751 1920 1807 solum,
1953 1751 2054 1806 quia

352 1824 459 1866 milii
493 1823 676 1879 Cuspius
709 1824 831 1878 dicit,
869 1823 995 1865 credo
1026 1847 1077 1852 —
1106 1822 1282 1864 tametsi
1314 1822 1357 1864 id
1391 1823 1497 1864 satis
1531 1837 1622 1864 esse
1655 1822 1840 1864 debebat
1867 1847 1940 1876 -—‚
1979 1823 2053 1864 sed

307 1906 325 1934 5
354 1896 454 1950 quia
484 1895 583 1936 novi
616 1895 705 1936 eius
738 1893 944 1936 iudicium
975 1894 1021 1935 in
1051 1893 1302 1936 hominibus
1334 1896 1377 1936 et
1409 1894 1558 1936 amicis
1601 1894 1843 1950 diligendis.
1898 1894 2054 1936 harum

352 1967 597 2007 litterarum
624 1966 688 2008 vis
718 1969 880 2021 quanta
905 1965 1050 2020 fuerit,
1075 1965 1326 2020 propediem
1352 1964 1565 2020 iudicabo,
1592 1965 1772 2021 tibique,
1797 1967 1846 2007 ut
1873 1965 2054 2021 confido,
2073 1983 2106 2008 25

355 2037 517 2091 gratias
546 2051 687 2092 agam:
720 2051 813 2093 ego,
847 2051 954 2091 quae
980 2039 1023 2078 te
1050 2036 1158 2078 velle
1187 2051 1379 2091 quaeque
1407 2036 1459 2078 ad
1486 2039 1528 2078 te
1554 2036 1769 2091 pertinere
1797 2036 2055 2092 arbitrabor,

355 2108 497 2149 omnia
529 2109 719 2151 studiose
752 2109 1066 2164 diligenterque
1100 2108 1272 2150 curabo.
1329 2122 1442 2163 cura,
1474 2110 1523 2149 ut
1555 2107 1709 2149 valeas.

1067 2226 1190 2280 <VR
1235 2223 1345 2283 (34.)

537 2321 593 2362 M.
621 2320 831 2363 cronno
865 2321 911 2371 o.
940 2321 1202 2364 VALERIO
1237 2320 1284 2370 0.
1311 2321 1355 2362 F.
1384 2319 1578 2363 ORCAE
1612 2320 1878 2375 Primos>

474 2416 518 2457 P.
558 2415 800 2472 Cornelius,
845 2415 917 2471 qui
961 2416 1042 2457 tibi
1086 2416 1255 2458 litteras
1300 2416 1436 2472 dedit,
1479 2419 1546 2458 est
1590 2415 1698 2458 mihi
1742 2431 1767 2457 a
1810 2415 1854 2457 P.
1895 2415 2055 2471 Cuspio
2075 2433 2110 2458 30

359 2487 693 2543 commendatus,
724 2488 843 2529 cuius
878 2502 1008 2529 causa
1041 2490 1202 2542 quanto
1236 2502 1364 2543 opere
1397 2502 1598 2543 cuperem
1631 2488 1931 2543 deberemque,
1962 2502 2057 2542 pro-

477 2607 506 2637 1.
535 2602 792 2638 officiossimus
813 2605 861 2638 M
875 2606 886 2649 ΙΙ
906 2607 936 2639 3.
964 2606 1132 2649 praesset
1158 2606 1217 2649 (ef.
1232 2605 1449 2640 Lachmann
1469 2606 1517 2640 (ccl
1536 2606 1648 2640 Lacr.
1670 2604 1703 2638 II
1725 2606 1842 2650 1061),
1867 2604 2058 2649 praeesset

360 2650 439 2684 HD
475 2651 486 2693 {l
522 2653 554 2685 4.
582 2650 781 2685 adhibetur
807 2662 894 2696 erga
921 2652 1016 2695 HD,
1051 2651 1301 2697 adhibetur-ga
1326 2653 1378 2686 M.
1427 2651 1582 2687 adhibet
1608 2662 1697 2697 erga
1723 2652 1791 2687 aliz·
1826 2653 1838 2697 ΙΙ
1876 2655 1906 2686 6.
1933 2651 2005 2686 hac
2030 2652 2055 2685 t.

360 2696 519 2741 epistola
545 2698 635 2740 HD,
663 2709 705 2732 ac
731 2698 801 2732 tibi
827 2698 1028 2743 epistulam
1053 2700 1103 2733 M
1116 2702 1126 2743 ΙΙ
1145 2699 1295 2734 relicuis
1322 2710 1376 2744 ep.
1399 2701 1453 2743 M,
1479 2699 1633 2744 reliquis
1655 2699 1695 2733 in
1715 2710 1770 2744 ep.
1792 2699 1874 2734 HD
1891 2699 1903 2744 ss
1924 2703 1954 2734 7.
1976 2709 2059 2733 eam

362 2744 451 2787 HD,
478 2755 521 2778 ea
546 2745 594 2778 M
621 2746 631 2789 ΙΙ
662 2746 785 2779 tecum
810 2747 870 2790 M,
907 2758 972 2782 om.
1000 2747 1080 2780 HD
1117 2748 1127 2791 ΙΙ
1167 2751 1220 2782 11.
1247 2747 1285 2782 L.
1306 2746 1457 2793 Iulium]
1484 2749 1529 2790 cf.
1549 2748 1762 2793 Nipperdey
1787 2748 1837 2782 ad
1861 2746 1954 2791 Nep.
1980 2745 2059 2781 Att.

364 2795 416 2833 12,
439 2795 458 2824 4
487 2793 498 2834 ΙΙ
530 2795 583 2826 12.
611 2791 679 2837 eis]
706 2792 762 2826 his
794 2795 840 2837 Ψ,
866 2793 912 2828 113
940 2804 960 2830 ς
991 2796 1002 2836 ΙΙ
1035 2798 1088 2828 13.
1117 2794 1207 2838 quid
1232 2794 1330 2838 MH,
1357 2793 1501 2839 aliquid
1526 2795 1566 2829 D
1584 2796 1595 2837 ΙΙ
1613 2793 1845 2840 postulatlsss,
1872 2796 1964 2827 2—3
1990 2794 2058 2828 litt.

363 2839 522 2881 eras-„DI
535 2841 546 2882 Η
567 2842 620 2873 17.
637 2843 690 2874 is.
705 2840 923 2887 perfectum]
934 2841 1141 2886 profectum
1150 2842 1361 2887 Wesenbery
1380 2844 1391 2887 ΙΙ
1412 2845 1466 2878 19.
1482 2843 1520 2876 et
1534 2841 1613 2889 (a)
1625 2842 1814 2886 potestate
1824 2841 2035 2885 Wesenberg)
2048 2840 2058 2885 11

363 2888 417 2920 20.
444 2886 672 2930 expropseris
698 2888 752 2931 M,
779 2887 1021 2932 expromseris
1048 2889 1129 2923 HD
1157 2892 1168 2933 ΙΙ
1193 2892 1247 2923 21.
1276 2900 1356 2924 esse
1382 2890 1447 2924 sed
1474 2890 1628 2935 Madvt'y
1654 2890 1788 2934 (opusc
1815 2898 1866 2923 ac.
1892 2887 1910 2920 I
1929 2898 1967 2932 p.
1990 2890 2057 2922 186

364 2968 433 3000 sive
454 2979 490 3011 p.
513 2968 631 3012 1512),
657 2979 774 3003 essem
802 2970 866 3004 sed
896 2971 1007 3005 Orelli
1032 2972 1090 3015 (cf.
1118 2972 1166 3006 ml
1190 2971 1234 3015 V,
1257 2976 1311 3012 20,
1334 2974 1380 3016 5),
1408 2983 1506 3007 esses
1534 2971 1599 3005 sed
1627 2973 1667 3004 Ψ
1690 2936 1853 3015 (esseslssl
1875 2969 1959 3014 sed,
1985 2981 2057 3005 raS.

366 3017 454 3065 152
477 3016 561 3055 litt..
588 3016 645 3061 H)
675 3017 686 3060 ΙΙ
718 3020 771 3051 22.
800 3020 854 3051 23.
882 3017 971 3061 quia
995 3018 1089 3052 mihi
1114 3018 1263 3063 cuspius
1296 3019 1389 3053 dicit
1414 3020 1473 3063 M,
1506 3018 1570 3062 qui
1602 3017 1705 3062 (quia
1729 3017 1782 3062 D)
1808 3016 1949 3051 amicus
1974 3016 2058 3062 pius

367 3059 499 3111 dicitur
525 3062 604 3095 HD
622 3064 633 3106 11
652 3067 707 3097 24.
735 3063 934 3108 diligendis
956 3065 1046 3099 MH
1067 3067 1122 3109 (ut
1141 3065 1281 3100 dilectu
1300 3066 1344 3111 X,
1365 3070 1420 3110 33,
1442 3070 1462 3100 5
1483 3066 1555 3111 ab),
1583 3063 1791 3109 deligendis
1811 3064 1850 3098 D
1868 3065 1880 3109 Η
1900 3067 1953 3099 26.
1977 3075 2057 3109 per-

366 3107 482 3141 tinere
509 3107 717 3143 arbitrabor
742 3111 802 3154 M,
841 3111 1000 3146 arbitror
1025 3111 1209 3156 pertinere
1237 3114 1316 3147 HD
1346 3115 1357 3158 Η
1389 3117 1443 3147 29.
1472 3113 1743 3157 inscriptionem
1768 3112 1927 3156 epistolii
1950 3112 2060 3147 huius

2231 765 2242 1072 ..x-A—-a—ae-n-ssn-
2232 678 2242 751 1,.»4
2239 616 2242 627 -

2239 1365 2242 1371 .
2228 1258 2242 1352 --A‚a>—.
2235 1209 2242 1252 Α,
