2242 3496
381 121 466 161 266
980 116 1026 149 M.
1054 113 1195 148 TVLLI
1220 111 1471 147 CICERONIS

379 232 520 270 tamus
552 241 687 281 neque
721 228 865 265 tamen
905 221 1153 277 refugiendo
1187 220 1459 263 commissuri
1492 235 1656 275 sumus,
1696 223 1745 262 ut
1777 221 1913 262 maius
1947 220 2073 262 detri—

380 301 571 340 mentum
613 311 678 338 res
711 312 748 350 p.
788 294 979 348 accipere
1012 292 1161 346 possit.
1226 292 1339 345 quod
1378 291 1412 332 si
1454 294 1528 332 aut
1559 289 1717 333 Caesar
1756 307 1799 333 se
1838 292 2073 347 respexerit

380 372 454 410 aut
485 367 710 409 Africanae
744 365 934 419 legiones
968 362 1164 404 celeriter
1196 362 1403 415 venerint,
1439 376 1610 403 securos
1643 377 1718 403 vos
1751 363 1804 403 ab
1837 363 1918 404 hac
1948 366 2072 417 parte

379 439 611 480 reddemus.
669 439 727 488 tu,
759 437 807 475 ut
834 433 1077 488 instituisti,
1114 448 1180 474 me
1213 431 1369 488 diligas
1403 447 1509 488 rogo
1542 433 1798 487 proprieque
1830 436 1954 474 tuum
1980 448 2071 475 esse

377 508 457 549 tibi
489 506 753 561 persuadeas.
818 517 845 545 v
874 503 925 547 Κ.
954 503 1069 546 Sext.
1103 518 1154 545 ex
1186 503 1351 547 castris.
2109 518 2125 543 5

1063 671 1196 714 XXV.
1245 670 1381 729 (404.)

905 777 1116 821 CICERO
1151 777 1190 820 s,
1223 778 1272 820 D.
1306 777 1543 820 FVRNIO.

493 885 539 927 Si
563 885 758 940 interest,
789 886 831 927 id
860 887 971 940 quod
998 886 1192 928 homines
1219 886 1499 939 arbitrantur,
1531 885 1591 926 rei
1618 901 1655 939 p.
1683 888 1738 939 te,
1763 888 1812 926 ut
1837 884 2069 927 instituisti

374 960 501 1011 atque
534 956 687 1011 fecisti,
718 971 874 998 navare
909 972 1084 1012 operam
1110 958 1321 1011 rebusque
1352 956 1565 1010 maximis,
1598 971 1706 1010 quae
1739 956 1791 997 ad
1824 956 2072 1011 extinguen-

373 1029 447 1069 das
481 1027 683 1081 reliquias
724 1027 825 1068 belli
865 1027 1099 1082 pertinent,
1139 1029 1363 1082 interesse,
1400 1027 1511 1069 nihil
1549 1027 1704 1069 videris
1742 1027 1895 1069 melius
1934 1041 2071 1082 neque
2095 1045 2126 1070 ιο

373 1099 631 1140 laudabilius
677 1113 813 1152 neque
857 1098 1084 1140 honestius
1126 1098 1265 1141 facere
1304 1113 1430 1153 posse
1476 1099 1689 1152 istamque
1729 1113 1903 1152 operam
1940 1100 2073 1155 tuam,

372 1170 626 1224 navitatem,
672 1170 863 1211 animum
907 1170 949 1210 in
995 1185 1085 1211 rem
1123 1185 1163 1224 p.
1205 1169 1416 1211 celeritati
1458 1172 1682 1224 praeturae
1730 1170 2072 1224 anteponendam

373 1255 541 1296 censeo,
584 1241 684 1282 nolo
731 1241 844 1282 enim
888 1243 930 1282 te
972 1241 1190 1296 ignorare,
1234 1243 1441 1295 quantam
1487 1241 1656 1282 laudem
1703 1243 1958 1282 consecutus
2000 1240 2071 1294 sis,

371 1311 477 1353 mihi
511 1312 645 1366 crede,
677 1312 919 1366 proximam
946 1311 1118 1366 Planco,
1150 1312 1276 1366 idque
1310 1312 1445 1366 ipsius
1473 1311 1623 1354 Planci
1657 1311 1920 1366 testimonio,
1951 1326 2070 1366 prae-

370 1386 487 1424 terea
530 1382 646 1424 fama
691 1383 955 1437 scientiaque
1001 1383 1204 1424 omnium.
1268 1384 1548 1437 quamobrem
1587 1383 1622 1424 si
1662 1382 1761 1437 quid
1806 1383 1948 1436 operis
1989 1382 2072 1425 tibi
2093 1400 2126 1425 15

370 1453 502 1495 etiam
539 1468 652 1495 nunc
691 1456 845 1508 restat,
890 1454 933 1494 id
973 1454 1160 1495 maximo
1201 1468 1327 1508 opere
1370 1469 1520 1496 censeo
1565 1453 1927 1508 persequendum3
1972 1454 2072 1508 quid

370 1525 484 1566 enim
515 1525 740 1566 honestius
774 1527 848 1565 aut
881 1525 981 1579 quid
1019 1525 1202 1566 honesto
1243 1525 1616 1580 anteponendum?
1679 1526 1745 1565 sin
1784 1527 1928 1566 autem
1966 1525 2072 1566 satis

368 1596 533 1638 factum
571 1596 633 1637 rei
664 1612 703 1651 p.
737 1599 881 1650 putas,
920 1596 1116 1637 celeriter
1156 1596 1208 1637 ad
1246 1596 1439 1649 comitia,
1481 1596 1686 1651 quoniam
1723 1597 1890 1637 mature
1927 1596 2073 1638 futura

372 1670 485 1722 sunt,
517 1667 771 1708 veniendum
805 1681 968 1720 censeo,
1002 1667 1103 1708 dum
1134 1667 1260 1708 modo
1294 1682 1345 1708 ne
1380 1666 1520 1722 [quid]
1556 1667 1659 1709 haec
1692 1667 1925 1708 ambitiosa
1955 1666 2073 1709 festi-

370 1738 489 1780 natio
523 1737 685 1792 aliquid
718 1738 946 1779 imminuat
978 1738 1068 1779 eius
1103 1737 1279 1793 gloriae,
1312 1752 1440 1791 quam
1474 1738 1693 1779 consecuti
1727 1753 1886 1779 sumus.
1945 1739 2072 1780 multi
2093 1756 2126 1781 20

372 1808 602 1850 clarissimi
641 1808 740 1862 viri,
783 1823 879 1850 cum
918 1809 979 1849 rei
1012 1824 1050 1862 p.
1084 1809 1235 1849 darent
1274 1823 1465 1862 operam,
1508 1823 1665 1850 annum
1705 1809 1931 1864 petitionis
1971 1824 2072 1851 suae

370 1895 456 1921 non
489 1880 706 1933 obierunt,
747 1879 861 1934 quod
893 1895 941 1921 eo
976 1879 1145 1921 facilius
1183 1879 1308 1920 nobis
1347 1882 1431 1935 est,
1470 1880 1583 1934 quod
1616 1895 1700 1922 non
1736 1882 1802 1922 est
1833 1895 1970 1922 annus
2002 1881 2073 1923 hic

371 1952 453 1993 tibi
493 1952 749 2005 destinatus,
795 1954 861 2005 ut,
905 1951 942 1993 si
981 1951 1130 1993 aedilis
1170 1950 1343 2005 fuisses,
1388 1954 1487 2005 post
1524 1951 1745 1993 biennium
1791 1955 1891 1994 tuus
1936 1967 2072 1994 annus

371 2026 498 2064 esset:
539 2037 653 2064 nunc
690 2023 798 2063 nihil
838 2023 1186 2077 praetermittere
1218 2022 1415 2063 videbere
1454 2022 1604 2064 usitati
1643 2025 1686 2064 et
1725 2023 1848 2077 quasi
1885 2023 2072 2079 legitimi

371 2094 579 2148 temporis
619 2095 671 2135 ad
709 2095 952 2148 petendum.
1015 2093 1136 2135 video
1177 2095 1320 2134 autem
1353 2093 1514 2136 Planco
1553 2109 1655 2148 cos.,
1696 2094 1778 2135 etsi
1816 2094 1948 2135 etiam
1980 2094 2070 2136 sine
2091 2110 2125 2136 25

371 2180 419 2207 eo
447 2165 638 2207 rationes
666 2165 885 2219 expeditas
912 2165 1105 2218 haberes,
1130 2167 1275 2206 tamen
1303 2164 1636 2219 splendidiorem
1662 2164 1918 2219 petitionem
1940 2167 2072 2220 tuam,

371 2236 406 2277 si
439 2237 565 2278 modo
598 2236 683 2277 ista
717 2251 765 2277 ex
798 2236 1013 2277 sententia
1051 2235 1247 2277 confecta
1285 2238 1439 2277 essent.
1503 2237 1676 2278 omnino
1714 2236 1840 2290 plura
1870 2251 1937 2277 me
1970 2237 2070 2279 scri-

370 2307 481 2361 bere,
515 2322 612 2349 cum
645 2310 768 2349 tuum
800 2310 973 2348 tantum
1000 2306 1228 2348 consilium
1260 2306 1553 2361 iudiciumque
1587 2307 1656 2362 sit,
1687 2322 1773 2349 non
1805 2307 1867 2348 ita
1897 2321 2071 2350 necesse

371 2378 632 2433 arbitrabar,
666 2379 736 2420 sed
770 2381 916 2420 tamen
943 2377 1200 2420 sententiam
1232 2392 1371 2419 meam
1404 2378 1485 2419 tibi
1517 2378 1713 2434 ignotam
1740 2392 1832 2420 esse.
1857 2378 2070 2432 nolebam,

489 2510 519 2542 5.
546 2507 776 2542 v—castris
803 2519 869 2542 om.
898 2508 941 2541 H
968 2509 978 2551 ΙΙ
1012 2511 1065 2542 12.
1093 2507 1303 2542 nauitatem
1328 2507 1425 2550 HD,
1461 2506 1702 2542 natiuitatem
1728 2507 1778 2542 M
1803 2509 1814 2552 ΙΙ
1845 2508 2071 2552 anteponen-

372 2554 472 2600 dam]
508 2565 578 2589 11011
610 2560 660 2590 est
691 2567 756 2590 cur
788 2560 853 2590 aut
885 2557 1165 2598 czmeraz'z‘ero,
1203 2556 1267 2599 qui
1298 2566 1371 2590 11011
1401 2556 1523 2590 debuit
1556 2556 1604 2590 od
1638 2554 1708 2590 Oic.
1743 2555 1785 2589 dc
1816 2555 1877 2597 off.
1901 2554 1935 2598 I,
1962 2559 1998 2599 4,
2027 2558 2072 2589 14

365 2613 561 2644 provocare
587 2604 645 2646 (cf.
670 2602 1090 2638 C.F.11'.M1'‹·llerCic
1113 2614 1166 2647 op.
1189 2602 1249 2646 IV,
1272 2608 1290 2636 3
1319 2603 1367 2637 ad
1387 2615 1426 2647 1).
1449 2606 1479 2646 6,
1502 2604 1573 2647 37),
1601 2601 1864 2646 anteponenda
1887 2603 2072 2638 scribatwr

373 2669 412 2673 —
437 2650 528 2683 zdem
556 2651 624 2684 icem
651 2650 829 2684 Gr-aezius
858 2651 1017 2685 voluerat
1039 2672 1079 2674 —-
1103 2655 1167 2684 aut
1192 2661 1272 2684 cum
1293 2660 1313 2686 ς
1340 2649 1642 2694 anteponendum
1662 2651 1673 2694 ΙΙ
1693 2653 1748 2684 14.
1770 2649 1899 2684 Planci
1919 2660 1983 2685 om.
1999 2650 2061 2684 Η

373 2699 425 2730 15.
453 2695 698 2749 scientiaque]
727 2697 986 2741 sententiaque
1013 2710 1044 2739 ς,
1074 2696 1376 2741 conscientiaque
1407 2697 1518 2732 Orelli
1549 2700 1560 2741 Ιὶ
1593 2700 1646 2732 16.
1673 2697 1973 2742 persequundum
1997 2697 2047 2731 M

372 2746 507 2778 1718.
543 2743 634 2778 satis
666 2744 808 2779 factum
840 2744 893 2779 lei
924 2757 958 2789 p.
987 2745 1046 2789 M,
1084 2744 1175 2779 satis
1207 2744 1350 2779 factum
1381 2743 1504 2779 officio
1536 2743 1589 2779 rei
1620 2756 1654 2789 p.
1689 2743 1781 2778 satis
1812 2744 1953 2778 factum
1978 2743 2070 2787 HD,

371 2801 413 2823 (111
447 2792 722 2835 interpolatione
756 2797 858 2836 puto.
910 2791 1001 2826 satis
1039 2774 1182 2827 'factum
1221 2791 1360 2835 officio,
1400 2791 1492 2826 satis
1530 2792 1672 2826 factum
1708 2790 1762 2826 rei
1793 2803 1828 2835 p.
1862 2791 2042 2826 Graevius

373 2839 424 2871 19.
458 2848 502 2871 ne
534 2838 627 2872 haec
660 2839 754 2883 HD,
793 2850 839 2873 ne
875 2839 966 2883 quid
1003 2840 1095 2874 haec
1128 2840 1181 2874 M
1233 2841 1300 2874 alii
1338 2839 1481 2883 aliquid
1519 2840 1725 2874 deleverunt
1760 2839 1771 2883 ΙΙ
1809 2841 1864 2872 22.
1903 2848 1977 2872 non
2015 2840 2072 2873 est

372 2896 435 2917 om.
454 2885 532 2918 HD
551 2886 562 2929 Η
580 2885 656 2932 hic]
683 2886 744 2920 hic
763 2885 870 2932 (sic)
892 2887 1032 2930 Baiter,
1059 2899 1131 2922 ‘non
1154 2888 1331 2922 intellecta
1350 2888 1537 2922 sententia.
1563 2887 1608 2929 cf.
1624 2885 1848 2920 Mommsen‘
1853 2897 1881 2919 1·.
1898 2885 2067 2921 Staatsr?

371 2930 570 2975 Ι·]1.5·)8,
593 2937 611 2966 2
645 2936 655 2976 ΙΙ
688 2937 742 2967 24
776 2933 1073 2978 praeteimitteie
1105 2946 1148 2969 επ
1183 2936 1262 2968 -ret
1294 2935 1452 2969 radendo
1485 2934 1533 2967 M
1565 2935 1576 2977 Η
1613 2931 1760 2986 usitati]
1793 2933 1837 2975 cf.
1873 2932 2071 2968 Mommsen

373 2978 392 3011 I.
421 2989 446 3011 (².
475 2978 571 3023 1³1).
594 2984 672 3023 478,
693 2984 714 3014 4
751 2982 762 3023 ll
800 2985 855 3015 25
882 2980 1006 3026 video]
1040 2981 1215 3016 videbam
1242 2982 1279 3016 Π
1277 2982 1471 3026 esenbeuy,
1508 2981 1648 3015 mim-ia
1687 2984 1698 3023 Η
1735 2990 1807 3014 cos.
1835 2980 1895 3023 M,
1929 2991 1990 3014 eos
2018 2980 2068 3025 H,

373 3025 521 3058 consule
549 3027 585 3059 D
611 3029 621 3070 Η
650 3031 704 3062 25.
733 3031 787 3063 26.
817 3027 894 3062 sine
922 3039 964 3062 eo
990 3028 1134 3063 ratione
1160 3030 1238 3073 (sic)
1228 3029 1362 3072 )HD,
1396 3027 1475 3062 sine
1500 3026 1686 3061 orationes
1726 3055 1734 3071 ,
1768 3030 1785 3060 1
1815 3027 1881 3061 12.st
1909 3038 1955 3062 ez.
1960 3028 2070 3073 ,ij

373 3074 426 3105 28.
453 3082 559 3106 neces
546 3084 600 3108 se
627 3086 691 3108 om.
720 3075 818 3109 HD¹
