2242 3496
501 204 835 239 1·31·1s'rv1„›xRVM
866 205 956 239 xm.
985 210 1039 240 Μ),
1068 209 1121 240 51,
1150 208 1203 238 52
1233 208 1288 237 53.
1316 208 1370 238 .-·‚-1.
1398 208 1451 237 55.
1744 204 1825 243 371,

132 316 278 368 ponto,
305 313 504 368 primum,
538 317 585 354 ut
617 313 811 367 optineat
838 313 880 354 id
907 313 1011 354 iuris
1038 312 1237 367 in'agris,
1264 312 1376 366 quod
1401 311 1439 352 ei
1466 310 1651 352 Pariana
1677 311 1828 352 civitas

133 383 320 425 decrevit
362 386 405 424 et
443 383 559 424 dedit
598 387 640 424 et
680 384 791 437 quod
835 397 1003 437 semper
1042 382 1232 436 optinuit
1270 383 1360 423 sine
1400 382 1488 423 ulla
1526 381 1830 435 controversia,

133 454 300 507 deinde,
340 454 375 494 si
409 454 510 507 quid
543 454 722 495 habebit
754 469 851 495 cum
891 454 1035 507 aliquo
1075 452 1373 507 Hellespontio
1410 452 1744 506 controversiae,
1782 456 1830 493 ut

133 525 178 566 in
210 524 329 565 illam
369 525 586 578 διοίκησιν
628 525 789 566 reicias.
853 524 926 565 sed
963 538 1049 565 non
1086 524 1190 565 mihi
1232 524 1396 579 videor,
1434 538 1530 565 cum
1568 523 1651 564 tibi
1688 525 1829 564 totum

95 595 351 636 §hominem
383 595 711 650 diligentissime
752 595 1103 648 commendarim,
1145 595 1338 650 singulas
1378 595 1429 636 ad
1469 598 1510 636 te
1550 595 1639 635 eius
1679 608 1828 635 causas

132 666 396 721 perscribere
430 666 594 707 debere.
645 681 812 708 summa
839 667 976 707 illast:
1010 665 1215 720 quidquid
1243 665 1386 720 officii,
1418 665 1626 719 beneficii,
1653 665 1829 706 honoris

131 736 178 778 in
209 736 480 779 Genucilium
513 737 765 791 contuleris,
803 737 847 778 id
879 739 920 778 te
953 736 1210 778 existimabo
1250 737 1295 777 in
1333 752 1399 778 me
1438 737 1579 792 ipsum
1618 739 1747 791 atque
1786 736 1831 777 in

132 822 223 850 rem
255 823 395 851 meam
427 807 671 850 contulisse.

834 889 946 931 LIV.
992 888 1126 946 (121.)

81 999 113 1024 10
581 983 794 1027 OIOERO
828 983 1073 1026 THERMO
1109 983 1310 1026 PROPR.
1346 983 1385 1026 s

251 1078 359 1122 Cum
391 1079 529 1121 multa
560 1079 666 1120 mihi
699 1082 825 1134 grata
857 1082 974 1133 sunt,
1017 1094 1123 1134 quae
1158 1082 1205 1120 tu
1238 1080 1446 1121 adductus
1484 1094 1580 1121 mea
1618 1094 1828 1122 commen-

131 1151 304 1193 datione
347 1150 508 1204 fecisti,
553 1152 646 1191 tum
686 1151 729 1191 in
770 1150 938 1204 primis,
983 1151 1095 1204 quod
1134 1149 1191 1192 M.
1222 1149 1484 1204 Marcilium,
1529 1149 1654 1192 amici
1699 1154 1828 1205 atque

130 1222 382 1277 interpretis
402 1221 486 1263 mei
509 1221 658 1275 filium,
684 1220 986 1262 liberalissime
1013 1221 1275 1277 tractavisti3
1300 1221 1419 1262 venit
1439 1222 1552 1263 enim
1572 1221 1829 1264 Laodiceam

131 1297 175 1335 et
205 1293 287 1335 tibi
318 1293 432 1348 apud
463 1306 531 1333 me
564 1291 754 1346 mihique
787 1295 964 1346 propter
1001 1296 1044 1334 te
1076 1293 1241 1348 gratias
1281 1293 1488 1334 maximas
1529 1293 1628 1348 egit.
1686 1308 1829 1348 quare,

20 1417 24 1422 ἴ
75 1376 108 1402 15
130 1364 243 1419 quod
274 1364 455 1405 relicum
487 1365 572 1417 est,
605 1378 630 1403 a
660 1365 702 1404 te
734 1366 855 1417 peto,
888 1363 1092 1418 quoniam
1132 1364 1245 1418 apud
1282 1366 1431 1419 gratos
1470 1363 1667 1405 homines
1707 1364 1831 1406 bene-

126 1435 274 1477 ficium
305 1433 449 1490 ponis,
491 1437 539 1475 ut
572 1448 620 1475 eo
653 1434 861 1475 libentius
894 1434 955 1475 eis
990 1434 1234 1476 commodes
1268 1449 1528 1489 operamque
1561 1435 1651 1488 des,
1691 1435 1831 1489 quoad

126 1507 231 1548 fides
257 1509 334 1548 tua
359 1506 562 1561 patietur,
593 1508 642 1546 ut
669 1519 816 1546 socrus
843 1505 1130 1546 adulescentis
1157 1520 1230 1546 rea
1254 1520 1307 1546 ne
1333 1506 1421 1546 fiat.
1473 1519 1554 1560 ego
1582 1520 1678 1547 cum
1705 1508 1832 1547 antea

128 1577 318 1619 studiose
369 1575 724 1619 commendabam
774 1575 1038 1630 Marcilium,
1087 1579 1182 1617 tum
1231 1576 1368 1617 multo
1418 1590 1532 1618 nunc
1582 1576 1831 1630 studiosius,

128 1648 241 1704 quod
272 1648 317 1689 in
348 1648 481 1703 longa
513 1646 783 1702 apparitione
816 1647 1080 1702 singularem
1119 1650 1163 1688 et
1194 1661 1327 1701 prope
1365 1647 1662 1689 incredibilem
1693 1647 1831 1702 patris

76 1730 110 1755 20
128 1718 314 1762 Marcilii
345 1719 486 1773 fidem,
519 1717 829 1772 apstinentiam
860 1717 1201 1772 modestiamque
1234 1718 1428 1773 cognovi.

846 1869 937 1912 LV.
985 1869 1122 1927 (105.)

578 1964 791 2008 CICERO
823 1964 1070 2006 THERMO
1103 1963 1309 2007 PROPR.
1345 1964 1384 2007 s.

247 2061 347 2103 Etsi
372 2060 479 2103 mihi
504 2060 652 2102 videor
679 2059 954 2114 intellexisse,
981 2074 1078 2101 cum
1103 2063 1246 2101 tecum
1265 2058 1430 2115 Ephesi
1456 2060 1506 2101 de
1533 2075 1577 2101 re
1604 2059 1661 2102 M.
1680 2059 1834 2116 Annei,

129 2132 265 2189 legati
297 2131 399 2186 mei,
438 2132 608 2173 locutus
642 2146 756 2186 sum,
794 2133 837 2172 te
876 2130 1012 2185 ipsius
1053 2145 1181 2172 causa
1217 2131 1494 2172 vehementer
1532 2132 1675 2173 omnia
1713 2132 1835 2187 velle,

78 2213 111 2239 2⁵
130 2206 277 2245 tamen
314 2205 358 2245 et
394 2202 452 2244 M.
483 2201 699 2243 Anneium
737 2201 849 2242 tanti
890 2201 1022 2255 facio,
1065 2204 1114 2242 ut
1152 2201 1259 2242 mihi
1302 2201 1410 2243 nihil
1455 2205 1605 2257 putem
1649 2206 1836 2257 praeter-

131 2273 401 2327 mittendum,
435 2271 549 2327 quod
579 2271 696 2313 illius
728 2271 912 2325 intersit,
945 2274 989 2313 et
1021 2287 1088 2313 me
1123 2286 1147 2313 a
1179 2274 1222 2313 te
1254 2272 1367 2313 tanti
1400 2273 1493 2314 fieri
1523 2275 1642 2327 puto,
1673 2276 1723 2315 ut
1747 2289 1836 2316 non

131 2344 344 2398 dubitem,
386 2342 490 2398 quin
522 2343 574 2384 ad
606 2346 727 2383 tuam
758 2342 1027 2383 voluntatem
1058 2356 1242 2398 magnus
1277 2343 1472 2385 cumulus
1511 2344 1686 2385 accedat
1725 2360 1837 2386 com-

132 2414 419 2457 mendationis
452 2428 590 2468 meae3
621 2428 732 2466 nam,
766 2427 863 2454 cum
895 2412 981 2453 iam
1013 2413 1085 2454 diu
1116 2413 1342 2468 diligerem
1368 2413 1424 2456 M.
1450 2414 1668 2456 Anneium
1700 2416 1835 2470 deque

133 2500 183 2527 eo
215 2486 277 2527 sic
309 2484 612 2538 existimarem,
645 2486 694 2525 ut
725 2498 793 2525 res
826 2483 1036 2538 declarat,
1070 2484 1143 2538 qui
1175 2484 1290 2527 ultro
1325 2484 1363 2526 ei
1396 2485 1625 2527 detulerim
1657 2486 1837 2542 legatio-

254 2615 283 2646 1.
310 2610 350 2645 id
370 2611 554 2646 iuris—2.
583 2610 746 2656 optinuit
765 2622 830 2646 om.
853 2611 899 2646 H
912 2612 924 2656 ΙΙ
943 2615 974 2646 2.
1003 2621 1148 2656 semper
1168 2612 1222 2657 M,
1249 2624 1314 2648 om.
1336 2613 1376 2648 D
1393 2615 1405 2657 ΙΙ
1425 2617 1456 2649 3.
1483 2613 1758 2659 hellespontino
1775 2614 1839 2659 Hy}

135 2663 165 2694 6.
192 2657 420 2703 perscribere
447 2658 581 2693 debere
607 2658 703 2702 MH,
729 2658 958 2703 perscribere
984 2659 1023 2693 D
1042 2660 1053 2703 ΙΙ
1072 2658 1177 2694 illast
1205 2660 1240 2695 Ο.
1264 2660 1311 2696 F.
1333 2661 1389 2697 W.
1411 2661 1549 2696 Malle]-
1575 2663 1699 2706 (‘'com'.
1725 2661 1834 2697 Tull?

128 2718 167 2751 p.
190 2708 261 2750 19),
288 2704 355 2740 issa
381 2704 431 2740 sit
459 2707 526 2750 ²11ss
545 2705 659 2740 officii
685 2705 740 2746 M,
767 2717 830 2740 om.
859 2706 940 2740 HD
958 2707 969 2751 ss
997 2709 1050 2740 12.
1078 2706 1290 2741 marcilium
1316 2708 1375 2752 M,
1401 2708 1633 2743 marcellium
1660 2708 1716 2753 H,
1742 2719 1838 2743 mar-

135 2752 270 2788 cellum
296 2753 335 2787 D
353 2754 364 2797 ΙΙ
385 2752 512 2798 amici]
539 2752 686 2787 accensi
717 2752 839 2796 Orelli,
864 2754 974 2787 male:
1003 2755 1143 2788 accensi
1167 2756 1262 2789 enim
1286 2755 1346 2799 (cf.
1373 2755 1574 2791 Mommsen
1602 2756 1646 2792 ‘r.
1667 2756 1835 2792 staatsrf

134 2800 174 2835 1³
193 2801 401 2846 11357311.)
433 2804 465 2835 et
497 2801 704 2843 interpretis
736 2800 796 2843 (ib.
820 2811 856 2843 p.
878 2801 961 2844 368)
993 2811 1145 2835 munera
1175 2803 1350 2846 coniunyi
1380 2813 1455 2836 ‘non
1484 2807 1638 2846 possunt
1669 2808 1734 2837 aut
1766 2815 1840 2838 ozon

133 2848 246 2883 solent
270 2848 396 2883 saltem
420 2849 431 2892 ΙΙ
460 2850 512 2881 15.
539 2846 722 2891 reliquum
750 2845 830 2880 HD
854 2848 865 2891 Η
892 2846 991 2891 apud
1017 2848 1143 2891 gratos
1170 2848 1225 2891 M,
1251 2849 1379 2893 gratos
1406 2850 1506 2893 apud
1533 2849 1613 2884 HD
1643 2851 1654 2894 ΙΙ
1688 2853 1741 2884 16.
1769 2849 1838 2897 eis]

136 2894 195 2929 his
224 2896 277 2939 Ψ,
315 2894 361 2929 iis
397 2894 509 2929 Orelli
546 2896 558 2939 ΙΙ
598 2898 651 2928 18.
676 2892 909 2927 marcellium
935 2893 980 2928 Η
1011 2894 1023 2938 ΙΙ
1062 2898 1115 2946 109.
1150 2895 1395 2940 apparatione
1424 2896 1473 2930 Μ
1504 2898 1515 2941 ΙΙ
1553 2900 1608 2932 23.
1644 2897 1690 2931 (16
1720 2908 1758 2932 re
1790 2909 1837 2932 m.

137 2976 288 3012 nanneii
314 2977 374 3021 M,
403 2977 448 3011 de
474 2975 678 3011 renannehi
704 2975 761 3019 H,
789 2975 833 3010 de
859 2975 907 3010 M.
927 2941 1108 3021 Mffiriiliiqtii,
1134 2989 1212 3023 sup.
1239 2989 1305 3014 ser.
1332 2990 1355 3013 α
1379 2989 1422 3012 m.
1446 2981 1482 3022 1,
1510 2978 1549 3012 D
1585 2980 1596 3024 ΙΙ
1633 2982 1689 3014 24.
1716 2979 1842 3015 omnia

139 3058 206 3094 del.
228 3058 357 3105 Kley‘n
382 3059 436 3104 (p.
459 3060 518 3104 52)
536 3061 547 3104 Η
569 3062 622 3093 25.
651 3068 810 3093 anneum
831 3057 881 3101 H,
909 3034 1148 3104 anneiiffup.
1168 3071 1234 3095 scr.
1256 3072 1279 3094 a
1300 3072 1342 3095 m.
1366 3063 1397 3104 1,
1418 3060 1457 3095 D
1475 3062 1486 3102 ΙΙ
1507 3063 1561 3095 27.
1590 3061 1748 3095 cumulis
1773 3062 1823 3097 M
1830 3063 1841 3106 Η

141 3109 196 3140 27.
224 3108 279 3141 28.
307 3105 628 3141 commendatione
649 3116 732 3140 mea
751 3105 945 3140 Selmeider
962 3108 973 3146 Ιὶ
994 3110 1048 3142 213.
1078 3108 1124 3142 M.
1146 3118 1211 3142 om.
1234 3107 1291 3141 ΙΙ1
1310 3109 1321 3152 ΙΙ
1343 3112 1396 3142 29,
1424 3107 1488 3151 qui
1507 3109 1649 3153 Baiter,
1674 3119 1770 3154 quae
1793 3111 1840 3144 Ψ.

140 3151 237 3199 <ut>
265 3152 330 3196 qui
358 3153 470 3189 Orelli
489 3155 502 3198 n
521 3153 555 3188 ei
580 3153 634 3197 M,
662 3154 699 3188 et
726 3152 776 3197 II,
803 3151 918 3187 etiam
942 3152 981 3188 D

1483 3214 1556 3248 24*
