2242 3496
634 207 969 242 izvis'rvliAiiviu
1000 208 1089 242 xm·
1119 211 1171 241 55».
1200 211 1254 242 50.
1283 211 1336 241 ⁵7.
1749 208 1834 249 373

133 329 206 357 eos
233 318 276 357 et
301 314 537 356 Alabandis
565 315 713 356 iubeas
740 316 906 357 ecdicos
936 316 1115 358 Romam
1142 316 1327 358 mittere.
1378 319 1601 370 praeterea
1620 315 1834 359 Philocles
1861 327 1880 357 2

133 385 447 427 Alabandensis
490 385 716 440 ὑποθήκας
754 384 905 427 Cluvio
946 387 1082 428 dedit:
1129 402 1200 428 eac
1247 386 1500 428 commissae
1545 389 1663 441 sunt3
1707 387 1834 429 velim

133 470 273 509 cures,
306 459 364 497 ·ut
402 459 476 497 aut
514 457 564 497 de
604 457 859 511 hypothecis
899 458 1075 498 decedat
1114 473 1269 512 easque
1309 457 1660 512 procuratoribus
1694 455 1833 499 Cluvii

132 527 276 568 tradat
309 530 384 568 aut
422 527 645 581 pecuniam
686 528 845 582 solvat,
887 531 1108 583 praeterea
1146 529 1427 570 Heracleotae
1467 531 1510 570 et
1549 528 1834 584 Bargylietae,

96 612 112 637 5
133 597 205 651 qui
233 597 336 638 item
358 597 525 651 debent,
551 601 625 639 aut
646 599 870 652 pecuniam
893 599 1064 640 solvant
1084 602 1158 641 aut
1185 600 1397 641 fructibus
1419 600 1507 641 suis
1529 599 1635 641 satis
1661 599 1833 641 faciant.

132 665 285 709 Caunii
316 670 541 722 praeterea
567 668 737 723 debent,
769 670 841 710 sed
870 669 990 710 aiunt
1017 684 1060 710 se
1087 669 1329 724 depositam
1362 671 1587 724 pecuniam
1612 669 1832 711 habuisse:
1860 680 1879 709 3

132 738 175 780 id
206 738 336 780 velim
369 752 604 794 cognoscas
638 742 694 793 et,
726 740 762 781 si
797 740 1060 781 intellexeris
1094 755 1166 782 eos
1198 755 1334 795 neque
1369 756 1418 782 ex
1451 742 1590 783 edicto
1618 755 1756 795 neque
1783 755 1833 782 ex

131 809 302 852 decreto
335 810 575 864 depositam
610 810 823 864 habuisse,
857 810 929 851 des
963 826 1149 864 operam,
1181 815 1230 852 ut
1262 826 1415 853 usurae
1449 810 1597 853 Cluvio
1631 811 1832 853 instituto

131 882 207 922 tuo
241 883 558 922 conserventur.
614 880 681 921 his
715 880 765 921 de
797 880 925 921 rebus
959 894 1008 921 eo
1041 881 1179 935 magis
1220 881 1389 935 laboro,
1432 882 1544 936 quod
1584 882 1729 937 agitur
1766 895 1832 922 res

80 965 112 989 ιο
133 949 206 992 Cn.
233 949 411 1005 Pompei
444 950 592 1003 etiam,
630 950 769 992 nostri
808 950 1055 1004 necessarii,
1095 954 1137 992 et
1177 952 1288 1006 quod
1321 951 1357 992 is
1391 952 1529 1007 magis
1563 951 1693 993 etiam
1725 951 1831 993 mihi

131 1021 328 1062 laborare
360 1020 529 1063 videtur
562 1036 691 1075 quam
724 1021 814 1076 ipse
849 1019 1042 1075 Cluvius,
1082 1022 1149 1063 cui
1191 1022 1296 1063 satis
1328 1021 1490 1064 factum
1523 1036 1614 1063 esse
1648 1037 1672 1063 a
1703 1023 1829 1064 nobis

130 1091 252 1133 valde
284 1091 393 1133 volo.
450 1091 517 1133 his
556 1092 606 1133 de
644 1092 772 1134 rebus
812 1095 853 1133 te
892 1092 1167 1134 vehementer
1205 1093 1337 1134 etiam
1376 1096 1503 1148 atque
1542 1093 1673 1135 etiam
1711 1107 1829 1149 rogo.

815 1245 951 1288 LVII.
996 1244 1134 1302 (124.)

578 1350 792 1394 olcnsso
825 1351 1072 1394 THERMO
1105 1351 1307 1394 PROPR.
1342 1351 1381 1394 s,

78 1474 110 1500 15
248 1458 341 1509 Quo
374 1458 514 1514 magis
548 1457 703 1500 cotidie
737 1473 788 1499 ex
820 1458 977 1500 litteris
1011 1459 1259 1514 nuntiisque
1293 1459 1455 1501 bellum
1492 1473 1697 1514 magnum
1736 1474 1827 1501 esse
1859 1470 1872 1499 1

129 1531 174 1573 in
213 1530 336 1586 Syria
374 1543 607 1586 cognosco,
646 1544 694 1570 eo
733 1529 1028 1571 vehementius
1069 1544 1093 1571 a
1130 1532 1172 1571 te
1211 1545 1288 1584 pro
1326 1533 1477 1572 nostra
1514 1530 1828 1572 necessitudine

130 1602 364 1655 contendo,
395 1604 444 1642 ut
475 1600 581 1642 mihi
614 1599 670 1641 M.
696 1600 911 1642 Anneium
942 1601 1137 1656 legatum
1168 1601 1308 1655 primo
1342 1615 1510 1656 quoque
1542 1603 1736 1656 tempore
1768 1615 1828 1642 re-

129 1674 298 1727 mittas3
331 1687 432 1714 nam
465 1672 556 1714 eius
589 1686 739 1726 opera,
772 1671 970 1726 consilio,
1004 1672 1183 1714 scientia
1215 1671 1277 1713 rei
1309 1671 1512 1713 militaris
1544 1672 1610 1713 vel
1643 1671 1827 1714 maxime

129 1743 335 1800 intellego
374 1758 442 1784 me
481 1745 524 1784 et
562 1757 652 1784 rem
690 1757 729 1796 p.
768 1742 960 1783 adiuvari
996 1756 1135 1796 posse.
1198 1742 1310 1796 quod
1351 1742 1434 1783 nisi
1472 1745 1595 1784 tanta
1631 1757 1698 1784 res
1737 1743 1827 1784 eius

76 1830 110 1855 20
130 1817 342 1871 ageretur,
372 1828 450 1856 nec
483 1814 574 1868 ipse
607 1812 758 1854 adduci
790 1813 1015 1867 potuisset,
1047 1815 1096 1854 ut
1128 1827 1153 1854 a
1184 1827 1251 1854 me
1285 1812 1534 1868 discederet,
1569 1827 1704 1868 neque
1736 1826 1829 1868 ego,

129 1889 178 1928 ut
211 1900 308 1927 eum
340 1899 365 1926 a
395 1898 462 1926 me
494 1883 767 1925 dimitterem.
826 1896 905 1938 ego
938 1883 983 1924 in
1009 1881 1205 1925 Ciliciam
1236 1875 1451 1938 proficisci
1484 1883 1629 1939 cogito
1657 1883 1829 1925 circiter

129 1956 180 1999 K.
207 1955 325 1998 Mai.:
366 1957 465 1997 ante
498 1969 592 1996 eam
629 1954 742 1996 diem
773 1953 830 1996 M.
856 1954 1048 1996 Anneius
1090 1955 1143 1996 ad
1180 1969 1247 1996 me
1285 1954 1432 1996 redeat
1470 1956 1652 2008 oportet.
1710 1954 1828 2009 illud,
1855 1966 1875 1996 2

130 2027 244 2083 quod
275 2029 419 2069 tecum
451 2028 495 2068 et
527 2041 672 2068 coram
704 2028 748 2067 et
778 2040 855 2080 per
886 2026 1056 2067 litteras
1089 2025 1419 2081 diligentissime
1452 2025 1533 2080 egi,
1567 2025 1610 2066 id
1642 2027 1685 2066 et
1715 2039 1828 2068 nunc

129 2099 261 2141 etiam
293 2101 423 2153 atque
455 2098 588 2139 etiam
626 2111 752 2152 rogo,
790 2111 915 2138 curae
954 2095 1035 2137 tibi
1073 2096 1147 2150 sit,
1187 2098 1236 2137 ut
1275 2111 1399 2138 suum
1435 2096 1676 2151 negotium,
1715 2096 1828 2150 quod

77 2183 112 2209 ²25
130 2170 263 2213 habet
288 2184 386 2212 cum
411 2168 572 2224 populo
601 2167 822 2223 Sardiano,
846 2182 929 2227 pro
953 2181 1105 2209 causae
1131 2167 1314 2208 veritate
1341 2169 1383 2208 et
1407 2181 1486 2221 pro
1513 2181 1591 2208 sua
1617 2166 1827 2222 dignitate

130 2241 343 2284 conficiat.
399 2239 594 2281 intellexi
620 2253 671 2280 ex
697 2241 772 2279 tua
798 2238 1006 2292 oratione,
1039 2252 1136 2279 cum
1164 2240 1308 2280 tecum
1332 2236 1496 2292 Ephesi
1521 2237 1693 2279 locutus
1720 2252 1828 2290 sum,

130 2315 173 2354 te
198 2311 335 2366 ipsius
362 2309 420 2351 M.
441 2309 582 2351 Annei
609 2323 737 2351 causa
763 2309 908 2350 omnia
933 2309 1058 2364 velle3
1086 2309 1159 2350 sed
1185 2311 1330 2351 tamen
1356 2309 1416 2350 sic
1443 2307 1572 2350 velim
1596 2307 1827 2362 existimes,

130 2385 173 2424 te
206 2382 313 2424 mihi
344 2381 453 2423 nihil
486 2380 653 2436 gratius
685 2379 824 2422 facere
856 2393 984 2434 posse
1017 2394 1146 2434 quam
1179 2379 1215 2421 si
1246 2379 1499 2421 intellexero
1532 2394 1608 2433 per
1634 2381 1676 2420 te
1704 2379 1827 2420 illum

130 2454 273 2508 ipsum
309 2451 533 2508 negotium
571 2465 622 2492 ex
662 2449 876 2492 sententia
914 2450 1165 2505 confecisse,
1208 2450 1336 2505 idque
1382 2465 1511 2505 quam
1553 2449 1741 2504 primum
1778 2452 1827 2491 ut

76 2537 110 2562 30
130 2524 294 2566 efficias
326 2527 369 2565 te
402 2522 533 2564 etiam
565 2524 693 2576 atque
726 2521 857 2563 etiam
889 2535 1008 2577 rogo.

250 2655 281 2686 1.
303 2649 535 2697 Ἀλαβανδεῖς
557 2649 669 2685 Orelli
687 2651 698 2694 ΙΙ
717 2648 901 2684 Philocles
924 2649 1049 2693 Orelli,
1066 2648 1247 2694 philocies
1267 2650 1364 2694 MH,
1390 2647 1567 2694 philoties
1586 2649 1634 2684 D.
1662 2648 1827 2684 Philotes

129 2700 198 2734 alii
228 2700 240 2743 11
271 2702 303 2732 2.
329 2708 395 2732 eae
422 2697 480 2741 M,
514 2696 606 2731 haec
628 2696 683 2740 H,
714 2695 784 2731 hee
806 2695 886 2741 D'll
917 2699 948 2730 4.
975 2696 1213 2742 Bargylietae
1240 2698 1401 2739 Ernesti,
1433 2696 1652 2741 bargyletae
1678 2696 1826 2742 (bargil.

131 2746 225 2789 HD)
248 2747 287 2780 Ψ
303 2747 314 2789 ΙΙ
335 2749 365 2780 5.
387 2744 477 2778 item
495 2745 550 2787 M,
571 2743 669 2778 idem
684 2743 763 2777 HD
781 2746 793 2786 ΙΙ
814 2747 868 2778 10.
888 2743 1006 2778 nostri
1026 2743 1140 2778 etiam
1155 2744 1199 2778 H
1213 2746 1224 2790 ΙΙ
1244 2743 1274 2778 is
1291 2744 1339 2788 D,
1360 2743 1419 2778 his
1433 2743 1524 2778 ΜΗ
1538 2746 1548 2789 ΙΙ
1570 2747 1622 2778 16.
1645 2755 1827 2788 cognosco

130 2805 172 2828 eo
199 2793 250 2837 H,
277 2802 458 2837 cognosco
484 2792 522 2826 et
547 2791 601 2833 J),
633 2800 814 2835 cognosco
841 2791 878 2824 et
902 2790 1158 2826 uehementius
1185 2801 1208 2825 a
1232 2792 1269 2826 te
1295 2801 1361 2836 pro
1395 2792 1524 2825 nostra
1553 2789 1828 2825 necessitudine

130 2850 312 2886 cognosco
344 2841 382 2874 et
407 2839 455 2873 M
481 2840 534 2883 (et
559 2837 1057 2882 uehementius—cognosco
1082 2839 1234 2873 inducta
1259 2850 1282 2873 a
1307 2838 1356 2872 Μ
1360 2840 1386 2882 r)
1415 2838 1425 2882 ΙΙ
1460 2841 1512 2872 17.
1539 2849 1586 2872 m.
1613 2837 1828 2872 manneium

130 2886 329 2932 (mancium
343 2887 394 2932 D)
411 2888 470 2930 41st
489 2889 539 2920 18.
556 2896 612 2930 op.
629 2886 666 2919 et
679 2884 833 2919 consilio
850 2885 912 2929 Hs,
931 2888 985 2919 22.
1001 2886 1128 2931 antess,
1145 2888 1162 2918 1
1176 2886 1243 2920 litt.
1259 2896 1347 2920 eras
1362 2889 1394 2920 et
1408 2896 1426 2919 e
1441 2896 1485 2919 ew
1498 2896 1601 2927 corr„
1614 2889 1655 2919 ut
1664 2886 1749 2928 vid„
1762 2885 1827 2931 ΜΗ

130 2935 179 2970 Μ.
200 2933 382 2980 Anneius]
407 2932 600 2967 manneius
623 2932 711 2975 HD,
738 2931 920 2966 nanneius
940 2933 988 2966 M
1002 2933 1013 2975 ΙΙ
1033 2934 1087 2967 23.
1115 2931 1175 2977 egi
1194 2931 1235 2966 id
1254 2933 1292 2966 et
1314 2934 1359 2967 Ψ.
1399 2931 1470 2976 egi,
1495 2931 1536 2966 id.
1554 2932 1592 2966 te
1612 2932 1828 2976 Lambinus,

131 2981 202 3027 egi,
228 2983 266 3016 te
292 2981 422 3016 Baiter
440 2983 452 3025 ΙΙ
472 2983 526 3014 24.
553 2990 642 3024 rogo
670 2979 724 3021 M,
749 2980 787 3013 te
812 2990 902 3023 rogo
923 2979 1012 3014 HD.
1057 2980 1102 3020 cf.
1123 2979 1313 3014 Lehmann
1334 2991 1370 3023 p.
1394 2982 1436 3013 16
1456 2980 1541 3023 1127.
1569 2990 1616 3014 m.
1641 2978 1752 3013 aunei
1771 2979 1826 3023 M,

130 3040 177 3063 m.
198 3027 348 3063 mannei
374 3028 430 3071 H,
462 3039 509 3062 m.
537 3025 699 3061 manneii
725 3026 763 3060 D
799 3028 810 3070 ΙΙ
848 3029 902 3060 28.
929 3025 1021 3060 mihi
1046 3025 1140 3060 nihil
1165 3037 1209 3061 ex
1234 3024 1329 3060 nihil
1354 3025 1446 3060 mihi
1471 3026 1537 3060 Mc
1572 3027 1584 3070 ΙΙ
1622 3029 1678 3061 29.
1704 3025 1826 3072 ipsum

131 3079 257 3111 contra
282 3075 525 3121 Wesenberyii
549 3085 655 3109 suum
680 3078 770 3109 recte
795 3073 956 3117 defendit
980 3073 1171 3109 Lehmann
1195 3074 1248 3119 (p.
1271 3075 1330 3117 35)
