2242 3496
394 154 477 194 308
986 146 1035 180 M.
1062 144 1202 179 TVLLI
1228 142 1478 178 CICERONIS

393 261 627 301 iudicemur
671 258 830 312 potius,
875 254 1005 295 vestri
1051 251 1163 293 enim
1207 250 1484 305 pulcherrimi
1521 250 1626 292 facti
1670 250 1742 291 ille
1786 250 1976 293 furiosus
2015 267 2083 294 me

392 331 627 385 principem
660 328 762 369 dicit
794 326 935 366 fuisse.
986 323 1151 364 utinam
1178 322 1350 376 quidem
1375 321 1576 362 fuissem!
1610 321 1819 363 molestus
1845 323 1971 363 nobis
1996 337 2085 364 non

393 404 514 442 esset.
572 399 642 440 sed
675 398 755 438 1100
787 398 977 436 vestrum
1011 396 1093 448 est,
1127 393 1240 447 quod
1268 392 1471 446 quoniam
1497 392 1735 446 praeteriit,
1765 392 1931 433 utinam
1957 393 2084 434 habe-

391 486 498 524 rem,
540 469 638 523 quid
671 467 792 508 vobis
826 466 970 506 darem
1002 462 1187 506 consilii!
1240 463 1313 504 sed
1351 477 1404 503 ne
1444 462 1551 503 mihi
1589 462 1760 516 quidem
1798 462 1880 517 ipsi
1917 464 2083 518 reperio

392 541 489 595 quid
523 538 765 579 faciundum
799 536 874 589 sit,
913 535 1013 589 quid
1053 534 1165 575 enim
1204 536 1286 587 est,
1330 533 1443 587 quod
1482 536 1632 574 contra
1669 534 1756 575 vim
1795 534 1885 575 sine
1917 534 1959 576 vi
1991 535 2084 576 fieri

347 646 362 654 „
392 610 556 664 possit?
608 607 834 650 consilium
861 620 985 647 omne
1013 608 1158 646 autem
1183 604 1266 645 hoc
1293 606 1358 645 est
1384 603 1572 659 illorum,
1603 607 1652 645 ut
1677 607 1861 646 mortem
1888 604 2084 648 Caesaris

388 681 715 734 1⁷›ersequantur3
740 678 883 732 itaque
911 679 1009 717 ante
1036 676 1147 717 diem
1175 687 1222 716 VI
1249 674 1362 717 Non.
1389 674 1481 716 Oct.
1507 675 1744 729 productus
1771 676 1816 717 in
1839 677 2086 718 contionem

389 766 412 791 a
444 749 654 791 Cannutio
687 747 937 802 turpissime
970 747 1042 788 ille
1077 746 1249 800 quidem
1282 746 1502 802 discessit,
1532 747 1604 787 sed
1638 749 1783 788 tamen
1815 761 1864 788 ea
1896 747 2004 789 dixit
2035 748 2085 789 de

388 819 759 862 conservatoribus
792 818 969 872 patriae,
1002 832 1110 872 quae
1143 817 1227 858 dici
1259 816 1465 858 deberent
1497 817 1547 858 de
1580 817 1894 873 proditoribus‘⁷
1935 818 1986 860 de
2019 833 2086 860 me

386 891 556 945 quidem
582 905 669 931 non
695 889 954 943 dubitanter,
987 888 1091 944 quin
1119 888 1264 929 omnia
1290 887 1340 929 de
1367 875 1462 929 meo
1490 888 1670 930 consilio
1699 892 1742 930 et
1767 904 1845 931 vos
1871 889 2084 931 fecissetis

386 965 427 1002 et
460 959 698 1002 Cannutius
737 959 908 1001 faceret.
966 962 1106 1001 cetera
1145 959 1384 1000 cuiusmodi
1426 959 1531 1009 sint,
1570 972 1621 1001 ex
1657 959 1740 1001 hoc
1777 960 1934 1014 iudica,
1973 961 2086 1015 quod

385 1033 528 1087 legato
562 1035 636 1072 tuo
675 1030 882 1072 viaticum
920 1030 1187 1085 eripuerunt:
1234 1030 1335 1084 quid
1375 1044 1447 1071 eos
1487 1030 1764 1085 interpretari
1803 1033 1950 1085 putas,
1989 1045 2086 1072 cum

385 1103 465 1143 hoc
497 1101 691 1143 faciunt?
742 1101 795 1142 ad
819 1101 991 1142 hostem
1019 1101 1184 1143 scilicet
1210 1100 1387 1154 portari.
1447 1115 1470 1142 o
1498 1116 1589 1142 rem
1615 1102 1835 1143 miseram!
1863 1102 2086 1143 dominum

385 1173 494 1214 ferre
515 1188 600 1213 non
619 1172 851 1226 potuimus,
880 1187 1086 1213 conservo
1107 1172 1329 1214 servimus.
1382 1174 1425 1212 et
1445 1174 1601 1227 tamen,
1627 1187 1694 1213 me
1716 1173 1888 1227 quidem
1914 1172 2085 1213 favente

385 1239 523 1298 magis
557 1258 684 1297 quam
712 1246 933 1297 sperante,
966 1243 1098 1284 etiam
1130 1258 1243 1284 nunc
1276 1242 1436 1284 residet
1468 1240 1566 1297 sp'es
1600 1243 1644 1284 in
1676 1243 1836 1284 virtute
1869 1246 1954 1284 tua.
2012 1244 2085 1284 sed

384 1314 457 1354 ubi
496 1316 595 1354 sunt
634 1313 811 1368 copiae?
868 1314 917 1355 de
960 1314 1125 1369 reliquo
1171 1314 1284 1355 malo
1330 1316 1373 1355 te
1417 1313 1559 1368 ipsum
1604 1317 1748 1356 tecum
1791 1314 1913 1369 loqui
1957 1329 2085 1369 quam

383 1387 531 1426 nostra
563 1384 676 1425 dicta
709 1398 978 1439 cognoscere.
1036 1387 1142 1428 vale.

1102 1527 1176 1570 IV.
1224 1526 1362 1585 (360.)

972 1631 1185 1676 cronno
1219 1634 1422 1677 οΑ8810
1458 1634 1498 1677 8.

501 1740 669 1782 Vellem
707 1740 854 1782 Idibus
893 1740 1066 1783 Martiis
1111 1757 1178 1783 me
1225 1743 1277 1783 ad
1318 1757 1466 1784 cenam
1509 1742 1757 1784 invitasses:
1802 1742 2083 1797 reliquiarum

382 1812 489 1853 nihil
516 1811 682 1853 fuisset.
738 1827 849 1854 nunc
877 1828 944 1854 me
974 1813 1180 1867 reliquiae
1207 1816 1375 1855 vestrae
1403 1817 1614 1867 exercent,
1647 1816 1690 1855 et
1716 1813 1888 1867 quidem
1913 1817 2087 1868 praeter

384 1889 545 1924 ceteros
579 1898 663 1924 me:
697 1898 957 1938 quamquam
991 1884 1190 1939 egregios
1224 1884 1422 1926 consules
1451 1884 1674 1939 habemus,
1707 1885 1781 1926 sed
1807 1884 2085 1938 turpissimos

384 1954 631 2008 consularis,
658 1957 856 1995 senatum
882 1954 1054 2010 fortem,
1081 1955 1153 1996 sed
1180 1954 1328 1997 infimo
1357 1970 1569 2010 quemque
1595 1956 1758 1996 honore
1779 1954 2087 2011 fortissimum,

383 2025 541 2080 populo
586 2040 683 2067 vero
728 2025 835 2066 nihil
882 2026 1056 2079 fortius,
1100 2025 1212 2067 nihil
1254 2026 1407 2067 melius
1445 2026 1659 2080 Italiaque
1703 2026 1915 2067 universa.
1977 2026 2085 2067 nihil

384 2099 528 2136 autem
561 2096 726 2138 foedius
754 2096 956 2151 Philippo
988 2102 1031 2138 et
1057 2097 1215 2139 Pisone
1248 2098 1415 2153 legatis,
1446 2097 1555 2138 nihil
1582 2096 1861 2152 flagitiosius,
1894 2097 2087 2152 quicum

384 2170 526 2207 essent
558 2167 696 2222 missi,
730 2170 778 2209 ut
811 2167 1003 2209 Antonio
1036 2182 1087 2208 ex
1120 2170 1294 2209 senatus
1330 2168 1546 2210 sententia
1585 2171 1726 2209 certas
1765 2182 1833 2209 res
1872 2167 2087 2223 <de>nun-

383 2238 551 2292 tiarent,
585 2253 681 2280 cum
714 2239 785 2280 ille
819 2253 966 2280 earum
999 2253 1143 2280 rerum
1174 2238 1284 2279 nulli
1315 2239 1544 2294 paruisset,
1577 2239 1693 2280 ultro
1727 2238 1780 2279 ab
1813 2238 1889 2279 illo
1923 2238 1975 2279 ad
2006 2253 2086 2280 nos

382 2308 672 2350 intolerabilia
703 2310 924 2363 postulata
957 2310 1235 2351 rettulerunt:
1268 2310 1415 2364 itaque
1448 2310 1500 2352 ad
1531 2324 1611 2351 nos
1644 2309 1934 2363 concurritur,
1965 2308 2087 2351 facti-

385 2394 464 2433 que
497 2380 583 2420 iam
616 2380 659 2421 in
690 2395 734 2421 re
767 2380 947 2421 salutari
979 2380 1208 2435 populares
1236 2395 1396 2422 sumus.
1454 2381 1545 2434 sed,
1578 2384 1625 2422 tu
1656 2380 1758 2436 quid
1783 2394 1951 2435 ageres,
1983 2380 2086 2434 quid

383 2453 573 2505 acturus,
611 2451 685 2492 ubi
717 2450 898 2505 denique
933 2466 1066 2507 esses,
1103 2452 1366 2494 nesciebam:
1404 2452 1521 2494 fama
1557 2451 1789 2493 nuntiabat
1828 2453 1870 2492 te
1910 2465 2002 2492 0880
2040 2450 2086 2491 in

385 2519 523 2575 Syria,
563 2524 712 2562 auctor
751 2525 842 2562 erat
874 2537 1013 2565 nemo.
1069 2524 1120 2564 de
1151 2523 1308 2578 Bruto,
1347 2537 1431 2577 quo
1471 2523 1650 2577 propius
1683 2525 1767 2576 est,
1805 2537 1854 2564 eo
1892 2521 2086 2562 firmiora

384 2592 579 2632 videntur
618 2605 727 2644 esse,
767 2606 874 2646 quae
913 2593 1179 2634 nuntiantur.
1236 2593 1466 2635 Dolabella
1502 2594 1625 2635 valde
1662 2593 1992 2647 vituperabatur
2030 2593 2084 2634 ab

502 2722 531 2752 2.
558 2718 665 2752 nobis
692 2730 757 2754 om.
787 2720 822 2753 D
850 2722 861 2764 Η
893 2724 924 2755 5.
951 2721 1165 2755 faciendum
1192 2722 1272 2756 HD
1302 2723 1313 2766 Η
1346 2725 1375 2756 6.
1404 2721 1554 2756 illorum
1579 2723 1636 2756 est
1662 2721 1708 2755 H
1733 2723 1745 2766 Η
1777 2725 1807 2756 8.
1835 2731 1858 2755 a
1884 2719 2084 2765 Cannutio]

385 2776 406 2798 a
431 2765 544 2800 fratre
569 2765 681 2800 Lucio
709 2767 917 2802 dubitanter
946 2768 1050 2803 Cobet
1075 2770 1261 2813 (Ilffwemos.
1288 2769 1366 2804 VH.
1396 2772 1496 2804 1879.
1529 2781 1567 2813 p.
1590 2770 1670 2814 136)
1696 2770 1707 2813 Η
1734 2772 1788 2803 12.
1813 2767 2009 2813 viaticum]
2037 2770 2084 2810 cf.

386 2813 582 2847 Mommsen
611 2815 653 2848 ‘vu
681 2814 849 2849 δῪααιῖεν.9
878 2815 919 2848 12
939 2828 977 2860 p.
1001 2819 1065 2849 301
1094 2818 1105 2861 Η
1134 2820 1188 2850 20,
1216 2815 1456 2851 vellem—21.
1485 2817 1658 2851 exercent
1682 2817 1804 2859 adfert
1822 2815 1984 2850 Maerob.
2005 2814 2082 2849 Sat.

384 2858 427 2901 H,
449 2862 479 2902 3,
502 2864 543 2893 13
563 2862 574 2904 Η
594 2864 648 2895 20.
675 2860 820 2895 martiis
844 2862 931 2905 HD,
959 2865 1066 2898 mart.
1095 2865 1174 2907 (sic)
1201 2864 1259 2898 his
1279 2864 1329 2898 M
1343 2865 1354 2908 Η
1374 2863 1597 2910 (profecto)
1622 2862 1865 2907 reliquiarum
1889 2861 2052 2896 Macrob.

386 2909 439 2939 20.
456 2910 509 2940 21.
524 2906 764 2950 reliquiarum
777 2908 872 2942 nihil
886 2909 1019 2943 fuisset
1033 2922 1097 2945 om.
1115 2911 1221 2954 HDl,
1243 2923 1320 2955 sup.
1335 2922 1402 2946 scr.
1418 2911 1456 2945 D
1499 2912 1510 2955 Η
1530 2914 1585 2945 22.
1607 2921 1666 2944 me
1679 2910 1734 2953 111,
1754 2920 1812 2943 me
1826 2908 1975 2943 hercule
1989 2908 2082 2953 HD,

385 2952 465 2993 fort.
496 2959 581 2988 recte
600 2956 611 2998 Η
631 2958 686 2989 23.
713 2955 878 2989 infimum
905 2956 985 2990 HD
1004 2958 1015 3001 Η
1035 2961 1089 2991 25.
1116 2957 1286 3002 philippo
1313 2958 1372 3001 M,
1401 2957 1440 2991 ni
1466 2957 1567 3002 lippo
1595 2957 1655 2999 H,
1681 2956 1833 3000 Nilippo
1859 2955 1898 2989 D
1916 2957 1928 3000 Η
1946 2955 2082 3001 legatis

386 2997 479 3031 nihil
499 3012 562 3034 (nn.
584 3002 627 3034 H
643 3003 654 3045 Η
674 3005 727 3036 26.
756 3002 1017 3037 denuntiarent
1036 3005 1066 3037 I.
1090 3004 1136 3038 F.
1162 3004 1381 3048 Gronovius,
1406 3004 1623 3038 nuntiarent
1646 3005 1692 3038 Ψ.
1718 3002 1974 3037 renuntiarent
1993 3003 2084 3049 aliill

387 3048 441 3096 28.
468 3046 671 3097 retulerunt
697 3049 775 3082 HD
800 3051 811 3093 Η
837 3051 1074 3084 concurretur
1100 3052 1180 3085 HD
1210 3053 1221 3096 Η
1253 3055 1308 3086 30.
1337 3056 1391 3086 31.
1419 3062 1498 3086 0880
1524 3051 1563 3085 in
1589 3050 1712 3096 Syria]
1738 3049 1811 3084 isse
1836 3049 1875 3083 in
1901 3049 2002 3094 syria
2027 3050 2081 3095 M,

387 3102 457 3124 isse
484 3104 520 3125 111
548 3093 682 3128 svriam
711 3096 790 3129 HD

2107 903 2140 928 10

2106 1257 2139 1282 15

2104 1756 2139 1781 20

2107 2110 2141 2135 25

2105 2465 2139 2489 30
