2242 3496
315 502 355 531 10

306 1420 344 1449 11

387 173 439 212 12
986 169 1034 203 M.
1061 167 1201 202 TVLLI
1228 166 1478 203 eicssaoms

383 284 512 334 atque
545 280 806 321 altissimum
841 277 1022 331 gradum
1055 274 1262 316 civitatis:
1296 290 1402 329 quae
1431 276 1602 330 quidem
1629 292 1724 318 mea
1751 277 1993 319 cohortatio
2026 293 2080 319 ne

382 351 462 391 tibi
502 350 641 391 inanis
681 352 754 390 aut
792 348 881 388 sine
921 360 1049 387 causa
1087 347 1287 399 suscepta
1328 346 1541 399 videatur,
1578 347 1653 388 illa
1684 363 1751 389 me
1783 348 1893 389 ratio
1933 349 2080 403 movit,

381 424 429 461 ut
461 424 502 462 te
536 436 585 462 ex
618 420 776 461 nostris
809 417 973 459 eventis
1000 416 1300 458 communibus
1327 416 1643 458 admonendum
1668 421 1877 474 putarem,
1908 421 1957 460 ut
1983 434 2080 461 con-

382 492 603 543 siderares,
635 491 679 531 in
707 489 822 530 omni
849 489 925 541 †re
953 502 1037 541 qua
1062 487 1152 528 vita
1179 487 1335 541 quibus
1363 488 1568 541 crederes,
1600 502 1707 542 quos
1735 503 1914 531 caveres.
1966 491 2080 544 quod

382 562 534 603 scribis
568 564 609 601 te
642 560 749 600 velle
783 559 909 611 scire,
949 558 1021 611 qui
1055 557 1112 598 sit
1145 557 1207 599 rei
1238 558 1436 612 publicae
1469 561 1628 612 status,
1670 573 1837 600 summa
1869 560 2079 602 dissensio

381 635 463 684 est,
502 632 573 673 sed
613 629 831 672 contentio
872 629 1034 683 dispar,
1076 643 1195 682 nam,
1240 629 1314 683 qui
1353 629 1449 683 plus
1489 629 1660 684 opibus,
1699 629 1847 680 armis,
1884 633 2081 684 potentia

382 703 543 756 valent,
586 700 815 755 perfecisse
857 700 1041 753 †tamen
1085 699 1193 740 mihi
1232 699 1432 741 videntur
1476 700 1667 742 stultitia
1707 704 1750 742 et
1789 699 2081 744 inconstantia

380 771 738 825 adversariorum,
778 773 828 812 ut
859 771 990 812 etiam
1023 770 1284 812 auctoritate
1316 771 1402 812 iam
1434 771 1530 825 plus
1563 772 1772 813 valerent:
1813 770 1958 826 itaque
1990 787 2081 826 per-

379 843 526 896 paucis
572 841 899 883 adversantibus
945 842 1107 896 omnia,
1152 857 1260 897 quae
1304 856 1356 883 ne
1401 857 1476 896 per
1519 842 1726 897 populum
1772 842 1944 897 quidem
1989 843 2080 885 sine

380 914 588 954 seditione
616 928 660 954 se
687 913 863 967 adsequi
891 913 1226 968 arbitrabantur,
1257 928 1334 968 per
1361 916 1557 954 senatum
1584 914 1804 955 consecuti
1831 917 1949 969 sunt3
1980 930 2080 956 nam

379 987 421 1025 et
463 984 725 1038 stipendium
765 982 939 1025 Caesari
983 985 1201 1025 decretum
1244 988 1310 1026 est
1347 987 1390 1025 et
1429 985 1574 1026 decem
1618 984 1754 1040 legati
1792 988 1852 1039 et,
1896 1000 1948 1026 ne
1985 985 2080 1041 lege

380 1055 634 1109 Sempronia
667 1055 988 1109 succederetur,
1019 1055 1146 1097 facile
1178 1055 1418 1109 perfectum
1451 1058 1529 1097 est.
1581 1057 1693 1110 quod
1724 1070 1802 1111 ego
1836 1055 1889 1096 ad
1921 1057 1963 1096 te
1990 1056 2083 1097 bre-

378 1126 470 1167 vius
511 1127 669 1177 scribo,
710 1127 810 1180 quia
848 1141 915 1167 me
955 1129 1094 1168 status
1133 1126 1203 1168 hic
1241 1126 1304 1167 rei
1335 1127 1534 1181 publicae
1572 1141 1659 1168 non
1697 1126 1899 1182 delectat3
1938 1126 2080 1168 scribo

378 1200 532 1251 tamen,
559 1200 608 1238 ut
634 1200 676 1238 te
699 1198 963 1252 admoneam,
991 1198 1104 1252 quod
1124 1197 1217 1251 ipse
1237 1197 1397 1238 litteris
1423 1197 1623 1239 omnibus
1650 1213 1675 1239 a
1699 1197 1884 1252 pueritia
1911 1197 2080 1239 deditus

377 1269 632 1322 experiendo
666 1271 812 1309 tamen
843 1268 983 1324 magis
1017 1283 1146 1322 quam
1188 1269 1388 1310 discendo
1422 1268 1622 1324 cognovi,
1660 1272 1710 1309 ut
1741 1268 1828 1309 tuis
1859 1269 1988 1310 rebus
2020 1268 2078 1310 in»

377 1339 511 1395 tegris
545 1340 702 1392 discas,
739 1355 876 1394 neque
911 1340 1064 1381 salutis
1096 1342 1271 1381 nostrae
1304 1340 1516 1381 rationem
1555 1339 1797 1381 habendam
1828 1339 1954 1381 nobis
1987 1354 2079 1381 esse

376 1411 466 1452 sine
509 1410 721 1465 dignitate
759 1425 895 1467 neque
935 1410 1161 1466 dignitatis
1201 1410 1291 1451 sine
1333 1410 1484 1451 salute.
1548 1410 1661 1463 quod
1693 1410 1800 1450 mihi
1831 1410 1883 1451 de
1915 1410 2005 1451 filia
2037 1413 2080 1452 et

373 1482 421 1522 de
456 1481 708 1536 Crassipede
748 1482 1000 1537 gratularis,
1043 1495 1232 1536 agnosco
1274 1481 1592 1522 humanitatem
1629 1483 1748 1522 tuam
1788 1495 1998 1535 speroque
2037 1483 2081 1522 et

373 1555 474 1606 opto
512 1552 637 1593 nobis
670 1552 781 1594 hanc
820 1552 1167 1594 coniunctionem
1198 1552 1414 1606 voluptati
1446 1552 1551 1594 fore.
1602 1551 1836 1593 Lentulum
1867 1554 2079 1605 nostrum,

372 1623 529 1664 eximia
555 1638 629 1678 spe
657 1638 824 1664 summa
849 1623 1012 1665 virtute
1040 1623 1371 1674 adulescentem,
1404 1638 1502 1665 cum
1529 1623 1683 1664 ceteris
1711 1623 1889 1678 art-ibus,
1922 1623 2079 1677 quibus

373 1694 578 1735 studuisti
622 1709 790 1749 semper
826 1694 941 1749 ipse,
986 1697 1080 1735 tum
1118 1694 1163 1735 in
1200 1694 1351 1748 primis
1395 1694 1639 1735 imitatione
1681 1694 1744 1735 tui
1785 1693 1854 1735 fac
1898 1694 2080 1748 erudias,

372 1765 492 1806 nulla
525 1765 638 1806 enim
672 1765 754 1806 erit
785 1766 866 1807 hac
898 1765 1191 1820 praestantior
1217 1764 1462 1819 disciplina:
1496 1779 1622 1819 quem
1654 1779 1745 1817 nos,
1777 1768 1820 1806 et
1853 1765 1955 1819 quia
1978 1766 2079 1806 tuus

374 1838 416 1876 ct
457 1836 557 1890 quia
595 1839 637 1877 te
676 1837 832 1891 dignus
873 1839 937 1877 est
969 1836 1084 1877 filius
1119 1839 1162 1877 et
1195 1836 1294 1891 quia
1331 1850 1411 1876 1103
1450 1835 1595 1891 diligit
1633 1850 1884 1890 semperque
1917 1835 2079 1889 dilexit,

373 1906 417 1947 111
450 1907 601 1960 primis
635 1922 829 1948 amamus
864 1922 1096 1961 carumque
1128 1907 1351 1948 habemus.

1087 2059 1210 2101 vm.
1255 2058 1362 2115 (36.)

640 2154 723 2207 (M.
758 2154 970 2196 CICERO
1006 2154 1047 2196 s
1080 2154 1131 2197 D.
1164 2155 1209 2196 P.
1242 2153 1519 2196 LENTVLO
1553 2153 1820 2209 Paccos>

492 2249 556 2289 De
585 2250 785 2291 omnibus
813 2251 954 2304 rebus,
987 2264 1095 2304 quae
1123 2250 1175 2291 ad
1202 2252 1244 2290 te
1271 2250 1501 2305 pertinent,
1534 2250 1636 2304 quid
1663 2252 1820 2304 actum,
1853 2249 1955 2304 quid
1981 2264 2078 2291 con-

375 2319 579 2360 stitutum
625 2321 700 2375 sit,
745 2321 846 2375 quid
887 2320 1119 2375 Pompeius
1164 2321 1420 2375 susceperit,
1465 2321 1627 2376 optime
1672 2335 1722 2361 ex
1763 2320 1820 2362 M.
1859 2320 2078 2362 Plaetorio

376 2405 628 2446 cognosceS,
672 2393 745 2446 qui
782 2407 869 2434 non
909 2391 1049 2433 solum
1087 2391 1286 2433 interfuit
1325 2392 1385 2432 eis
1423 2392 1569 2444 rebus,
1614 2392 1687 2433 sed
1725 2391 1859 2433 etiam
1889 2391 2080 2445 praefuit

374 2476 510 2515 neque
549 2463 685 2504 ullum
724 2463 915 2504 officium
955 2476 1057 2518 erga
1094 2465 1136 2504 te
1173 2462 1363 2504 hominis
1397 2462 1701 2516 amantissimi,
1738 2461 2078 2517 prudentissimi,

496 2606 525 2636 1.
541 2613 636 2645 quae
652 2603 700 2636 M
702 2607 727 2645 0,
743 2602 806 2646 qui
822 2603 868 2637 M
873 2602 958 2637 lGR
977 2604 989 2645 ΙΙ
1008 2606 1039 2637 2.
1055 2601 1176 2636 mouit
1184 2602 1233 2636 M
1235 2603 1298 2646 ΓΟ)
1314 2613 1345 2644 ς,
1360 2604 1488 2637 mouet
1502 2604 1536 2636 Ω,
1555 2604 1566 2647 ΙΙ
1586 2605 1617 2636 4.
1632 2612 1671 2636 re
1686 2613 1760 2645 qua
1781 2603 1826 2645 Ω,
1841 2601 1988 2646 reh'qua
2001 2603 2050 2637 M
2052 2607 2078 2644 r,

376 2650 457 2689 fort.
472 2654 572 2688 «recte,
588 2651 633 2691 cf.
648 2650 725 2691 XV,
737 2653 769 2690 4,
784 2654 836 2684 13.
858 2649 895 2683 in
916 2649 1016 2684 omni
1035 2661 1073 2683 re
1089 2660 1184 2693 quae
1197 2649 1336 2684 vitares
1355 2650 1394 2684 Ο.
1405 2649 1615 2693 Hirschfeld
1633 2650 1644 2694 Η
1665 2653 1694 2684 5.
1710 2648 1859 2693 publice
1874 2650 1922 2684 M
1935 2652 1947 2694 ΙΙ
1966 2652 1997 2684 6.
2013 2648 2078 2693 qui

376 2696 458 2738 plus
475 2697 526 2737 M,
554 2696 688 2739 quibus
707 2697 776 2731 GR
796 2699 807 2739 Η
829 2702 857 2731 T.
885 2696 1086 2741 profecisse
1107 2708 1127 2734 ς
1147 2698 1159 2740 ΙΙ
1177 2698 1304 2731 tamen
1323 2699 1367 2739 Ω,
1392 2698 1539 2731 tantum
1560 2697 1636 2741 Mt,
1661 2696 1814 2731 tandem
1836 2697 2054 2732 Gulielmius
2068 2697 2079 2739 J}

378 2748 407 2776 1⁵.
430 2754 499 2786 que
521 2744 575 2781 M.
601 2745 727 2787 qualia
746 2745 905 2787 amplius
924 2756 997 2779 non
1016 2745 1241 2779 notabuntur
1265 2745 1276 2788 ΙΙ
1300 2755 1346 2779 110
1367 2744 1421 2786 M,
1448 2756 1515 2779 nec
1534 2743 1622 2785 iam,
1650 2745 1711 2778 sed
1735 2743 1812 2777 iam
1837 2755 1914 2788 emp.
1937 2755 1961 2778 a
1977 2755 2022 2778 m.
2047 2748 2076 2787 1,

381 2792 422 2831 G,
444 2801 509 2823 nec
524 2791 559 2824 R
579 2793 589 2831 11
612 2795 664 2825 10.
687 2801 724 2825 se
745 2791 826 2833 GR,
848 2791 912 2825 sed
927 2792 980 2825 M.
1007 2802 1046 2825 se
1067 2790 1232 2838 (posse)
1253 2792 1334 2834 alii,
1358 2794 1403 2834 cf.
1424 2791 1807 2837 Nayelsbach-Mzzller
1833 2791 1910 2824 Ἷαι.
1931 2789 2074 2825 stium!

375 2848 409 2877 ρ.
426 2838 511 2869 394q
530 2839 540 2878 ΙΙ
561 2842 614 2872 12.
637 2848 704 2882 ego
725 2840 770 2881 Ω,
798 2849 839 2871 00
854 2838 919 2871 HIC
938 2839 948 2880 ῙΙ
970 2842 1023 2872 13.
1040 2843 1124 2882 post
1141 2850 1200 2873 me
1223 2851 1300 2873 una
1321 2840 1401 2883 litt„
1424 2850 1456 2881 a,
1482 2843 1523 2873 ut
1543 2840 1628 2881 vid„
1647 2849 1751 2873 erasa
1770 2838 1811 2871 in
1827 2837 1875 2870 M
1888 2837 1900 2880 ΙΙ
1920 2840 1974 2872 15,
1991 2848 2075 2882 cog-

378 2882 463 2916 noui
490 2886 531 2916 ut
555 2885 629 2918 tuis
660 2885 748 2925 GR,
774 2884 950 2929 cognouit
975 2885 1084 2919 Utuis
1111 2886 1171 2928 M,
1198 2886 1358 2930 cognoui
1383 2887 1426 2920 tu
1450 2885 1526 2920 tuis
1553 2886 1628 2928 ΜΓ,
1655 2896 1683 2919 0.
1710 2885 1751 2918 tu
1776 2884 1819 2917 ut
1842 2882 1918 2917 tuis
1940 2884 2053 2919 Orelli

378 2934 432 2963 20.
461 2942 601 2965 summa
628 2932 767 2966 uirtute
794 2932 854 2973 M,
882 2943 1045 2966 summae
1071 2932 1222 2967 uirtutis
1251 2934 1322 2968 GR
1348 2934 1442 2978 (Mt)
1469 2936 1480 2978 ΙΙ
1506 2932 1781 2967 adolescentem
1810 2931 1854 2975 G,
1879 2932 1974 2976 quod
1999 2943 2074 2966 am-

379 2977 474 3017 plius
506 2989 575 3011 ozon
608 2980 795 3013 'notabitur
819 2982 830 3021 Ι]
856 2983 909 3013 22.
939 2978 1009 3012 erit
1037 2979 1107 3013 GR
1133 2980 1244 3023 (Mu,
1279 2982 1359 3014 erat
1391 2981 1439 3014 M
1458 2983 1469 3023 ΙΙ
1501 2984 1556 3015 26,
1583 2979 1854 3022 inscriptionem
1885 2989 1950 3013 om.
1982 2979 2073 3014 MR.

378 3022 524 3057 Marcus
552 3024 676 3059 Cicero
704 3026 863 3060 salutem
890 3025 982 3060 dicit
1007 3025 1162 3060 Lentulo
1189 3027 1407 3062 Proconsuli
1435 3029 1468 3063 G
1486 3028 1497 3071 ΙΙ
1517 3030 1572 3061 27.
1598 3025 1652 3059 De
1669 3046 1712 3049 —
1728 3025 1853 3059 actum
1878 3026 1920 3060 in
1945 3025 1994 3058 M
2012 3037 2073 3060 ru-

379 3070 515 3104 bricam
542 3073 552 3114 11
578 3075 632 3105 28.
660 3072 708 3106 M.
735 3072 921 3107 Plaetorio
949 3073 1161 3116 Manutius,
1194 3085 1251 3108 em
1274 3076 1278 3117 Ι
1300 3074 1501 3118 plaetorio,
1534 3084 1578 3107 ae
1608 3084 1653 3107 ea:
1680 3083 1702 3106 a
1721 3072 1804 3115 1110,
1835 3072 1895 3116 M,
1934 3072 2073 3118 empla-

379 3116 474 3150 torio
504 3118 546 3155 G,
574 3119 790 3162 empletorio
817 3121 852 3154 R
872 3121 958 3164 1129.
986 3118 1055 3165 eis]
1082 3119 1128 3154 iis
1164 3121 1383 3168 II'esenbery,
1409 3121 1467 3155 his
1493 3121 1585 3164 MG,
1611 3131 1676 3154 om.
1704 3120 1740 3155 R

2118 575 2134 600 5

2102 930 2135 954 10

2102 1282 2134 1308 15

2100 1638 2134 1662 20

2099 2074 2132 2099 25

2097 2476 2132 2500 30
