2242 3496
737 138 1075 175 EPISTVLARVM
1103 142 1143 177 X.
1171 146 1224 176 22.
1255 147 1307 178 23.
1787 146 1871 187 26Ξῖ

176 246 340 287 interea
377 261 472 288 cum
516 247 682 302 collega
724 248 1046 304 coniungerem,
1091 265 1217 305 quem
1261 251 1420 305 triduo,
1465 267 1561 294 cum
1601 252 1677 294 has
1716 254 1870 295 dabam

175 316 356 370 litteras,
388 318 679 372 expectabam.
743 318 989 362 Laterensis
1023 322 1158 363 nostri
1193 325 1236 363 et
1269 322 1395 364 fidem
1428 325 1470 364 et
1503 323 1694 365 animum
1729 325 1872 380 singu-

173 387 307 429 larem
340 387 383 428 in
416 402 504 428 rem
538 403 576 442 p.
610 403 778 443 semper
816 390 1003 445 fatebor3
1046 393 1117 434 sed
1158 396 1271 435 certe
1311 394 1444 435 nimia
1478 394 1567 436 eius
1601 395 1870 450 indulgentia

173 457 217 500 in
243 457 450 513 Lepidum
479 458 531 500 ad
558 459 659 501 haec
688 460 877 514 pericula
903 463 1199 517 perspicienda
1225 464 1326 506 fecit
1360 480 1455 507 eum
1485 466 1625 507 minus
1652 480 1869 522 sagace1n3

137 529 245 584 aqui
290 528 462 584 quidem
507 545 604 573 cum
647 531 689 572 in
729 531 922 574 fraudem
965 549 1008 576 se
1051 535 1279 577 deductum
1324 536 1504 590 videret,
1549 551 1717 591 manus,
1761 552 1867 591 quas

169 600 326 642 iustius
359 600 402 642 in
434 600 586 656 Lepidi
623 602 854 657 perniciem
895 608 1125 660 armasset,
1167 605 1249 647 sibi
1292 606 1457 648 adferre
1490 610 1668 649 conatus
1702 612 1785 662 est,
1824 609 1867 650 in

169 686 255 727 quo
290 686 402 715 ‚casu
446 675 592 715 tamen
635 672 934 728 interpellatus
973 678 1017 717 et
1056 676 1193 718 adhuc
1237 677 1343 718 vivit
1381 680 1424 719 et
1462 678 1619 720 dicitur
1662 678 1868 733 victurus,

169 743 242 785 sed
285 745 431 785 tamen
469 744 518 785 de
557 743 638 786 hoc
675 758 827 798 parum
874 745 979 786 mihi
1025 749 1189 788 certum
1229 750 1305 789 est.
1377 763 1532 804 magno
1579 763 1675 790 cum
1721 749 1866 792 dolore

169 814 478 869 parricidarum
510 814 680 869 elapsus
713 830 808 856 sum
842 816 923 869 eis3
958 816 1187 859 veniebant
1213 818 1326 860 enim
1354 819 1502 861 eodem
1534 819 1678 861 furore
1711 820 1755 861 in
1787 835 1865 876 me,

117 899 149 925 ιο
168 899 253 939 quo
292 885 336 926 in
373 885 579 939 patriam,
618 885 805 939 incitati,
847 887 1087 929 iracundias
1127 892 1270 930 autem
1310 890 1462 931 harum
1501 906 1641 932 rerum
1682 893 1863 934 recentis

166 955 402 997 habebant:
445 956 558 1010 quod
590 955 799 1011 Lepidum
839 958 1053 1013 castigare
1086 973 1172 1000 non
1205 960 1473 1015 destiteram,
1512 965 1560 1002 ut
1593 962 1864 1017 extingueret

166 1026 341 1082 bellum,
372 1027 485 1081 quod
512 1027 741 1082 conloquia
772 1027 888 1070 facta
920 1029 1231 1084 improbabam,
1265 1032 1377 1085 quod
1411 1032 1578 1087 legatos
1606 1032 1686 1074 fide
1714 1032 1864 1086 Lepidi

166 1097 321 1139 missos
359 1097 412 1139 ad
450 1111 517 1138 me
557 1097 601 1138 in
638 1101 917 1152 conspectum
954 1099 1097 1141 venire
1137 1102 1374 1155 vetueram,
1418 1102 1574 1156 †quod
1614 1101 1657 1145 C.
1692 1102 1863 1145 Catium

165 1168 413 1223 Vestinum,
444 1170 497 1210 tr.
532 1168 630 1223 mil,
664 1169 844 1211 missum
877 1170 929 1211 ab
965 1170 1155 1212 Antonio
1189 1172 1240 1213 ad
1273 1187 1339 1213 me
1373 1187 1469 1213 cum
1501 1172 1659 1215 litteris
1693 1188 1863 1228 excepe-

110 1255 141 1281 15
164 1254 257 1282 ram
294 1254 557 1297 numeroque
596 1239 736 1282 hostis
774 1240 1026 1282 habueram:
1068 1242 1110 1283 in
1150 1257 1233 1296 quo
1273 1243 1382 1284 hanc
1422 1243 1542 1297 capio
1583 1244 1862 1299 voluptatem,

160 1311 273 1366 quod
306 1313 431 1364 certe,
465 1326 549 1365 quo
582 1311 722 1366 magis
755 1326 822 1353 me
856 1313 1114 1366 petiverunt,
1146 1315 1269 1354 tanto
1302 1314 1510 1355 maiorem
1543 1315 1603 1356 eis
1637 1315 1860 1357 frustratio

159 1382 352 1424 dolorem
384 1381 544 1423 attulit.
608 1384 673 1436 tu,
714 1383 771 1423 ini
806 1381 972 1437 Cicero,
1012 1385 1124 1437 quod
1157 1384 1293 1425 adhuc
1332 1384 1494 1439 fecisti,
1531 1386 1644 1427 idem
1676 1389 1860 1441 praesta,

158 1456 207 1494 ut
259 1453 492 1509 vigilanter
546 1467 810 1507 nervoseque
864 1468 966 1507 nos,
1028 1455 1100 1508 qui
1154 1457 1318 1496 stamus
1374 1455 1417 1496 in
1471 1456 1584 1511 acie,
1641 1457 1860 1499 subornes.

158 1524 303 1566 veniat
341 1522 500 1566 Caesar
538 1539 634 1566 cum
675 1524 826 1578 copiis,
866 1539 972 1578 quas
1012 1525 1144 1566 habet
1182 1525 1471 1579 firmissimas,
1511 1530 1601 1580 aut,
1644 1528 1679 1568 si
1718 1527 1860 1582 ipsum

104 1611 138 1636 20
158 1596 302 1650 aliqua
354 1610 421 1637 res
475 1595 680 1650 impedit,
740 1596 952 1637 exercitus
1007 1595 1231 1651 mittatur3
1291 1596 1410 1638 cuius
1464 1596 1601 1652 ipsius
1654 1612 1859 1653 magnum

155 1667 394 1722 periculum
432 1666 593 1722 agitur:
633 1667 836 1722 quicquid
876 1666 1104 1720 aliquando
1144 1666 1339 1708 futurum
1377 1667 1461 1708 fuit
1500 1667 1544 1708 in
1583 1669 1736 1710 eastris
1768 1684 1859 1723 per-

156 1738 345 1780 ditorum
383 1740 533 1780 contra
569 1737 774 1792 patriam,
811 1737 893 1779 hoc
932 1751 1056 1778 omne
1095 1737 1181 1778 iam
1221 1738 1438 1791 convenit3
1480 1753 1558 1792 pro
1598 1738 1717 1780 urbis
1757 1754 1856 1781 vero

155 1809 294 1850 salute
327 1823 402 1850 cur
432 1823 520 1850 non
552 1809 752 1850 omnibus
778 1807 1074 1862 facultatibus,
1107 1822 1213 1862 quas
1239 1808 1461 1863 habemus,
1492 1810 1695 1850 utamur?
1744 1811 1857 1864 quod

155 1879 192 1922 si
223 1894 300 1922 vos
331 1879 432 1921 istie
461 1894 548 1921 non
580 1879 821 1934 defueritis,
861 1879 1075 1934 profecto,
1115 1879 1227 1934 quod
1260 1880 1310 1920 ad
1343 1894 1409 1921 me
1443 1880 1618 1934 attinet,
1657 1881 1856 1922 omnibus

102 1964 135 1990 25
154 1951 283 1994 rebus
321 1951 487 1993 abunde
527 1951 590 1992 rei
627 1966 665 2006 p.
706 1951 811 1992 satis
850 1950 1017 1992 faciam.
1079 1952 1121 1991 te
1155 1950 1344 2004 quidem,
1382 1951 1441 1992 mi
1474 1949 1643 2005 Cicero,
1682 1952 1726 1992 in
1765 1952 1854 1994 dies

153 2023 419 2065 mehercules
445 2022 584 2064 habeo
616 2022 825 2064 cariorem
858 2020 1256 2075 sollicitudinesque
1289 2035 1405 2062 meas
1433 2021 1588 2063 cotidie
1616 2022 1754 2078 magis
1783 2026 1856 2064 tua

154 2093 310 2135 merita
340 2095 566 2148 exacuunt,
597 2107 649 2134 ne
683 2092 785 2147 quid
818 2094 893 2133 aut
926 2107 976 2133 ex
1008 2105 1152 2133 amore
1186 2094 1261 2132 aut
1294 2106 1344 2133 ex
1378 2091 1535 2134 iudicio
1563 2095 1637 2134 tuo
1667 2094 1855 2147 perdam.

153 2167 278 2220 opto,
313 2166 363 2205 ut
400 2163 507 2205 mihi
544 2163 674 2205 liceat
706 2164 793 2205 iam
831 2162 1048 2218 praesenti
1086 2162 1247 2217 pietate
1281 2177 1474 2204 meorum
1507 2162 1746 2205 officiorum
1780 2167 1855 2205 tua

153 2235 360 2278 beneficia
391 2235 476 2276 tibi
506 2234 644 2277 facere
677 2234 941 2276 iucundiora.
998 2245 1081 2274 vm
1107 2232 1209 2274 Idus
1235 2232 1328 2274 Iun.
1357 2231 1580 2288 Cularone,
1613 2249 1664 2275 ex
1695 2234 1854 2276 finibus

99 2320 133 2346 so
151 2305 453 2362 Allobrogum.

152 2436 190 2470 et
215 2433 467 2479 colligendum
492 2445 531 2469 ee
557 2434 652 2469 MD.
697 2435 739 2468 ut
765 2434 802 2468 et
827 2431 992 2478 spatium
1022 2431 1226 2478 colligendi
1251 2443 1289 2466 se
1316 2431 1538 2477 Wesenberg.
1583 2433 1629 2476 cf.
1657 2432 1859 2477 Landgraf

151 2483 200 2518 ad
225 2482 384 2528 Reisiqz'z·
407 2483 512 2517 sclwl.
539 2486 632 2526 synt.
661 2482 745 2516 Lat.
768 2493 806 2526 p.
831 2482 928 2525 7921!
952 2483 984 2515 3.
1011 2490 1088 2514 rem
1112 2480 1164 2526 p.]
1190 2491 1228 2514 re
1255 2492 1287 2524 p.
1322 2481 1386 2524 ΨΙΙ
1406 2483 1437 2514 8.
1465 2489 1600 2524 magno
1627 2491 1669 2514 ea:
1696 2490 1852 2532 cmagno

152 2529 230 2573 M¹‚
260 2533 302 2564 ut
326 2530 398 2565 vicl.
432 2530 443 2573 ΙΙ
475 2534 506 2564 9.
535 2529 604 2574 eis]
637 2528 684 2563 iis
711 2529 771 2572 M,
804 2527 861 2562 his
888 2527 969 2562 HD
1000 2528 1012 2572 ΙΙ
1044 2531 1098 2563 12.
1131 2526 1382 2572 improbaram
1413 2527 1483 2561 alii
1513 2528 1524 2571 ΙΙ
1558 2530 1611 2562 12.
1640 2530 1694 2561 13.
1721 2526 1852 2572 Lep1d1

151 2576 300 2623 missos]
327 2575 445 2621 lepidi
470 2575 643 2610 dimissos
676 2578 715 2609 Ψ
741 2578 751 2619 ΙΙ
786 2578 838 2610 13.
866 2576 1038 2610 uetuerat
1061 2575 1112 2609 M
1130 2576 1142 2619 ΙΙ
1171 2577 1225 2609 15.
1253 2584 1478 2618 numeroque
1503 2573 1622 2608 hostis
1647 2573 1851 2609 habueram

152 2624 233 2659 HD
256 2625 462 2669 (praeterea
490 2623 660 2658 Canonic.
688 2626 774 2666 210,
810 2623 883 2658 nisi
909 2623 1004 2668 quod
1027 2623 1132 2657 habet
1158 2621 1321 2656 hostium
1350 2642 1388 2646 —-
1416 2623 1510 2656 sicut
1539 2621 1742 2656 Cratander
1767 2633 1850 2666 quo-

151 2684 216 2718 que
243 2692 298 2714 —,
326 2671 446 2706 Paris.
475 2673 564 2705 7783
590 2675 622 2705 et
650 2673 774 2713 14761,
801 2671 895 2714 alii),
921 2681 988 2704 om.
1015 2670 1069 2703 M.
1114 2670 1200 2704 latet
1226 2673 1345 2704 tamen
1369 2670 1573 2714 corruptela
1599 2670 1736 2713 aliqua,
1761 2680 1852 2714 quae

150 2731 225 2755 non
249 2719 389 2755 tollitur
414 2717 464 2752 ad
490 2728 573 2752 eum
598 2729 677 2752 cum
704 2729 723 2754 ς
746 2729 815 2762 pro
842 2716 891 2751 ad.
915 2727 973 2751 me
995 2718 1127 2761 posito,
1153 2728 1260 2761 quam
1285 2716 1528 2751 coniecturam
1549 2716 1741 2751 Gitlbauer
1766 2728 1850 2760 quo-

151 2779 217 2812 que
243 2766 411 2811 (Wiener
437 2765 540 2800 Stud.
566 2764 583 2798 I
603 2777 642 2809 p.
664 2768 730 2799 249
745 2766 810 2809 sq.)
844 2769 932 2799 recte
964 2765 1191 2808 improbavit.
1235 2764 1440 2806 scripserim
1478 2763 1526 2797 ad
1560 2773 1618 2797 me
1656 2774 1738 2796 cum
1777 2762 1850 2798 litt.

153 2824 348 2859 exegeram
372 2822 598 2856 numeroque
624 2816 686 2847 cet.
718 2812 814 2857 quod
844 2813 877 2847 si
902 2822 1024 2846 verum
1049 2815 1115 2854 est,
1149 2810 1310 2846 Plancus
1335 2820 1391 2845 eos
1417 2810 1566 2855 Jeyatos,
1599 2821 1685 2854 quos
1710 2810 1850 2854 Lepido

150 2862 256 2905 fidem
293 2862 538 2905 interponente
570 2859 756 2894 Antonius
790 2859 838 2894 ad
872 2869 951 2893 eum
984 2859 1146 2901 miserat,
1184 2859 1224 2892 in
1261 2861 1485 2902 conspectum
1523 2859 1642 2892 venire
1680 2861 1850 2899 vetuerat,

164 2909 362 2951 Vestinum,
394 2909 456 2953 qui
487 2908 591 2942 nulla
621 2907 692 2950 fide
725 2906 935 2950 interposita
961 2917 1041 2940 cum
1067 2904 1224 2940 Antonii
1255 2905 1386 2940 litteris
1417 2905 1465 2939 ad
1497 2915 1575 2939 cam
1601 2908 1764 2947 venerat,
1798 2906 1850 2940 vel

150 2967 194 2992 ew
219 2957 348 2991 castris
372 2956 521 2990 eiecerat
540 2955 718 2999 hostisque
744 2963 890 2988 mcmero
909 2953 1094 2988 habuerat.
1121 2952 1166 2995 cf.
1187 2963 1273 2987 ann.
1295 2952 1387 2996 phil.
1410 2955 1496 2986 1891
1522 2963 1560 2996 p.
1583 2954 1649 2985 342
1670 2952 1681 2996 ΙΙ
1705 2954 1756 2986 16.
1778 2950 1847 2997 eis]

151 3001 198 3037 iis
224 3002 280 3046 M,
305 3001 364 3036 his
391 3001 576 3046 HD1122.
604 3001 688 3046 hoc]
716 3001 786 3035 huc
816 3000 927 3036 Orelli
945 3002 957 3043 ΙΙ
976 3010 1082 3034 omne
1108 3011 1173 3034 om.
1196 2998 1240 3033 H
1254 3001 1266 3042 ΙΙ
1286 3002 1339 3033 23.
1368 3009 1460 3042 quas
1486 2997 1665 3032 habemus
1691 3010 1756 3034 om.
1780 2998 1824 3033 H

152 3053 208 3085 28.
234 3049 327 3095 iam]
355 3048 471 3084 etiam
496 3049 643 3085 Starker
667 3049 807 3093 (symb.
835 3047 928 3082 crit.’
953 3060 991 3092 μ.
1014 3047 1072 3091 24)
1090 3047 1101 3091 ΙΙ
1120 3045 1300 3091 pietatem
1326 3056 1451 3080 eorum
1478 3046 1522 3080 M
1545 3047 1556 3090 Η
1585 3049 1639 3081 29.
1667 3044 1847 3081 Cularone

152 3095 334 3142 Sia-mona,
359 3095 534 3132 cuiarohe
559 3095 633 3141 (cui
660 3105 770 3131 arone
796 3095 856 3139 Η)
889 3096 934 3130 Ψ.
973 3095 1018 3138 cf.
1048 3093 1083 3129 G.
1104 3094 1136 3128 I.
1159 3094 1202 3129 L.
1230 3093 1297 3128 XII
1319 3106 1356 3138 p.
1378 3096 1446 3127 273

1898 338 1917 367 4

1893 763 1912 791 5
