2242 3496
325 788 344 817 to

325 1566 344 1595 3

375 165 458 205 358
972 159 1016 191 M.
1044 155 1185 190 TVLLI
1211 153 1460 190 CICERONIS

1034 297 1214 340 XXVII.
1262 295 1400 353 (261.)

951 390 1161 434 cIoRRo
1197 390 1411 433 SERVIO
1445 390 1486 433 s

490 493 608 534 Licet
635 491 781 532 codem
808 487 1000 542 exemplo
1028 486 1198 540 saepius
1225 485 1305 527 tibi
1330 485 1459 526 huius
1486 485 1655 541 generis
1681 485 1852 528 litteras
1880 486 2065 542 mittam,

373 580 468 607 cum
499 562 660 618 gratias¹
694 575 839 615 agam,
872 558 986 612 quod
1018 571 1135 598 meas
1169 556 1564 598 commendationes
1603 559 1694 598 tam
1732 556 1963 613 diligenter
1995 558 2067 600 ob-

373 648 512 676 serves
548 657 595 661 —
633 630 745 685 quod
778 629 860 671 feci
891 628 936 670 in
978 628 1073 669 aliis
1113 630 1156 669 et
1192 627 1367 682 faciam,
1403 629 1454 668 ut
1491 627 1633 682 video,
1672 627 1842 682 saepius
1874 652 1949 682 -,
1993 629 2066 671 sed
2103 640 2121 667 5

372 709 515 746 tamen
546 717 632 744 non
663 715 837 756 parcam
871 713 1024 754 operae
1057 701 1110 753 et,
1142 701 1192 739 ut
1224 713 1299 740 vos
1333 698 1483 740 soletis
1516 698 1561 739 in
1586 697 1796 752 formulis,
1829 699 1891 740 sic
1917 713 1996 755 ego
2023 700 2068 741 in

373 773 569 828 epistulis
600 784 661 813 DE
693 783 851 812 EADEM
884 782 942 811 RE
969 781 1078 811 Amo
1106 780 1251 811 nono.
1309 769 1353 811 C.
1379 769 1588 811 Avianius
1617 769 1755 825 igitur
1779 768 2067 812 Hammonius

370 843 630 885 incredibilis
664 842 769 883 mihi
801 840 965 897 gratias
999 854 1075 894 per
1106 840 1278 881 litteras
1318 840 1408 895 egit
1447 843 1491 881 et
1523 855 1600 881 suo
1634 843 1677 881 et
1708 840 1868 882 Aemili
1899 840 2069 896 Aviani,

370 913 541 968 patroni
586 912 670 966 sui,
718 912 907 953 nomine:
956 924 1035 951 nec
1077 906 1298 952 liberalius
1348 925 1426 952 nee
1469 910 1824 953 honorificentius
1875 910 2068 966 potuisse

371 983 547 1026 tractari
578 997 656 1024 nec
689 997 733 1024 se
765 985 1034 1036 praesentem
1065 996 1142 1023 nec
1170 996 1260 1023 rem
1288 981 1545 1024 familiarem
1572 983 1763 1037 apsentis
1790 982 1963 1037 patroni
1991 982 2068 1024 sui.
2089 996 2122 1020 10

370 1055 412 1095 id
451 1052 556 1094 mihi
595 1068 692 1095 cum
730 1052 964 1094 iucundum
1005 1055 1072 1094 est
1116 1066 1265 1094 eorum
1310 1067 1455 1108 causa,
1500 1067 1606 1108 quos
1650 1053 1733 1094 tibi
1778 1067 1857 1108 ego
1902 1068 2070 1095 summa

370 1124 681 1166 necessitudine
703 1126 746 1165 et
768 1138 935 1165 summa
962 1123 1265 1165 coniunctione
1290 1124 1498 1166 adductus
1520 1124 1931 1180 commendaveram,
1957 1125 2071 1179 quod

370 1195 426 1236 M.
453 1194 662 1236 Aemilius
695 1209 804 1236 unus
838 1196 904 1236 est
936 1209 986 1235 ex
1018 1194 1125 1236 meis
1156 1194 1510 1236 familiarissimis
1537 1198 1667 1249 atque
1694 1195 1858 1237 intimis
1885 1195 2070 1237 maxime

370 1266 654 1320 necessarius,
697 1266 828 1307 liomo
875 1268 917 1307 et
960 1265 1129 1321 magnis
1174 1266 1281 1307 meis
1326 1265 1546 1308 beneficiis
1591 1266 1812 1308 devinctus
1852 1269 1895 1308 et
1937 1280 2071 1321 prope

372 1337 574 1391 omnium,
606 1337 679 1391 qui
712 1336 818 1378 mihi
850 1336 1003 1378 debere
1036 1336 1202 1391 aliquid
1233 1337 1445 1391 videntur,
1478 1337 1775 1393 gratissimus,
1807 1340 1901 1379 tum
1933 1337 2071 1379 multo
2093 1351 2125 1375 15

370 1408 593 1450 iucundius
625 1410 667 1449 te
700 1422 791 1449 esse
824 1408 870 1449 in
900 1422 968 1449 me
1002 1408 1081 1449 tali
1112 1408 1360 1463 voluntate,
1391 1411 1439 1450 ut
1470 1409 1568 1463 plus
1595 1408 1736 1464 prosis
1770 1408 1919 1450 amicis
1953 1408 2073 1463 meis,

372 1494 499 1533 quam
525 1493 604 1534 ego
630 1493 834 1534 praesens
860 1479 1046 1521 fortasse
1072 1479 1336 1534 prodessem,
1369 1480 1509 1532 credo,
1540 1480 1654 1534 quod
1679 1479 1820 1535 magis
1847 1493 1927 1535 ego
1955 1479 2074 1521 dubi-

373 1554 524 1604 tarem,
562 1550 664 1604 quid
695 1550 870 1592 illorum
909 1565 1037 1592 causa
1075 1550 1278 1602 facerem,
1318 1565 1448 1605 quam
1482 1553 1551 1606 tu,
1591 1550 1693 1605 quid
1725 1565 1832 1593 mea.
1888 1551 1962 1592 sed
1992 1550 2075 1592 hoc

370 1636 457 1662 non
488 1621 636 1662 dubito
670 1621 773 1675 quin
806 1621 1024 1663 existimes
1057 1621 1165 1662 mihi
1199 1636 1290 1663 esse
1319 1624 1509 1677 gratum:
1542 1621 1650 1663 illud
1676 1625 1718 1663 te
1745 1636 1866 1677 rogo,
1897 1623 1948 1662 ut
1973 1620 2072 1663 illos

373 1705 541 1746 quoque
568 1695 716 1746 gratos
744 1706 834 1733 esse
861 1692 1058 1734 homines
1085 1695 1225 1747 putes,
1253 1693 1366 1747 quod
1391 1693 1455 1734 ita
1481 1707 1573 1734 esse
1600 1692 1681 1734 tibi
1707 1692 1917 1747 promitto
1944 1695 2074 1747 atque
2095 1705 2128 1730 20

374 1762 588 1804 confirmo.
647 1777 777 1817 quare
809 1763 951 1818 velim,
984 1763 1188 1818 quicquid
1218 1763 1381 1805 habent
1412 1764 1592 1819 negotii,
1624 1764 1697 1805 des
1731 1779 1928 1819 operam,
1961 1764 2076 1819 quod

328 1849 349 1879 4
375 1834 599 1876 commodo
626 1836 701 1875 tuo
729 1835 820 1890 fiat,
844 1837 893 1876 ut
920 1838 962 1876 te
990 1835 1213 1889 optinente
1236 1835 1448 1877 Achaiam
1475 1834 1717 1877 conficiant.
1767 1849 1847 1890 ego
1875 1849 1973 1876 cum
1998 1837 2075 1877 tuo

333 2322 348 2352 1

377 1903 523 1946 Servio
549 1905 855 1948 iucundissime
883 1905 1233 1948 coniunctissime
1259 1906 1356 1948 vivo
1383 1921 1669 1962 magnamque
1697 1921 1794 1948 eum
1821 1921 1872 1947 ex
1900 1906 2075 1961 ingenio

376 1976 465 2018 eius
487 1974 779 2031 singularique
801 1976 957 2032 studio,
978 1980 1072 2018 tum
1087 1991 1138 2018 ex
1159 1977 1321 2019 virtute
1343 1980 1387 2019 et
1406 1977 1626 2032 probitate
1646 1977 1917 2032 voluptatem
1941 1977 2074 2031 capio.

1029 2117 1234 2161 XXVIII.
1282 2117 1420 2176 (262.)
2095 2130 2130 2156 25

959 2213 1171 2256 CIonRo
1208 2212 1421 2257 sRRVIo
1455 2213 1497 2257 S.

494 2308 592 2350 Etsi
623 2308 808 2349 libenter
838 2312 985 2363 petere
1018 2324 1043 2350 a
1074 2312 1117 2351 te
1151 2309 1291 2364 soleo,
1323 2310 1360 2351 si
1393 2310 1496 2364 quid
1529 2324 1635 2364 opus
1668 2286 1734 2351 est
1766 2323 1961 2351 meorum
1993 2309 2078 2351 cui-

377 2380 510 2434 piam,
548 2382 694 2421 tamen
730 2380 868 2421 multo
901 2380 1109 2422 libentius
1142 2380 1305 2436 gratias
1338 2380 1420 2422 tibi
1459 2394 1560 2436 ago,
1598 2395 1695 2422 cum
1731 2379 1876 2422 fecisti
1914 2380 2079 2435 aliquid

380 2450 748 2492 commendatione
782 2466 876 2492 mea
901 2476 960 2481 —-
986 2452 1100 2506 quod
1132 2466 1301 2507 semper
1333 2451 1440 2493 facis
1465 2469 1541 2507 —3
1572 2450 1823 2493 incredibile
1856 2454 1923 2493 est
1952 2451 2079 2506 enim,

382 2535 486 2574 quas
519 2520 625 2561 mihi
657 2521 819 2576 gratias
853 2537 999 2564 omnes
1032 2526 1182 2578 agant,
1215 2523 1346 2564 etiam
1378 2523 1654 2564 mediocriter
1685 2537 1710 2563 a
1741 2536 1809 2564 me
1847 2522 1929 2564 tibi
1968 2537 2079 2565 com·
2099 2534 2133 2559 30

382 2591 586 2646 mendati3
618 2606 725 2645 quae
758 2592 863 2633 mihi
897 2594 1041 2635 omnia
1073 2597 1217 2648 grata,
1259 2594 1332 2635 sed
1364 2594 1414 2635 de
1447 2593 1493 2635 L.
1521 2593 1729 2641 Mescinio
1762 2593 2080 2649 gratissimum3

501 2722 531 2753 5.
560 2718 652 2753 alios
680 2719 759 2753 HD
791 2720 844 2764 (D
869 2732 912 2755 ea:
937 2723 1044 2766 corr.)
1080 2723 1091 2765 ΙΙ
1136 2726 1165 2756 6.
1199 2723 1241 2756 ut
1271 2733 1337 2756 vos
1370 2721 1498 2756 soletis
1524 2722 1726 2765 Victorius,
1762 2722 1805 2756 ut
1834 2720 1972 2756 uoletis
1997 2721 2081 2756 MD

386 2765 500 2799 ‘uolet
524 2765 555 2799 is
582 2766 647 2809 DI,
674 2766 737 2800 132
765 2768 801 2801 in
827 2779 913 2813 my:
941 2767 987 2803 al.
1015 2768 1145 2813 uidet),
1173 2770 1214 2803 ut
1239 2768 1376 2804 uidetis
1397 2768 1448 2805 H.
1488 2773 1605 2813 potest
1628 2769 1709 2812 fieri
1734 2773 1777 2803 ut
1800 2769 1843 2803 in
1866 2767 2002 2802 uoletis
2024 2770 2082 2803 m'l

385 2814 494 2847 lateat
512 2814 585 2847 nisi
604 2824 670 2847 uos
691 2815 755 2857 (sic
775 2815 810 2858 ς)
829 2816 840 2859 ΙΙ
862 2818 890 2849 7.
919 2825 948 2850 c.
976 2815 1147 2850 auianius
1168 2817 1223 2860 M,
1245 2816 1413 2851 caninius
1434 2817 1515 2852 HD
1533 2817 1544 2861 ΙΙ
1565 2819 1595 2851 8.
1623 2815 1760 2850 Aemili
1778 2814 1930 2860 Aviani]
1953 2815 2081 2849 aemili

386 2858 575 2894 auianiani
596 2861 649 2904 M,
677 2860 844 2917 emiliani
864 2862 945 2896 HD
971 2864 1025 2905 (in
1044 2875 1110 2908 my.
1132 2863 1209 2898 D22
1237 2863 1283 2898 al.
1306 2863 1431 2898 Emuli
1449 2863 1613 2908 Auiani).
1651 2861 1803 2897 Aemilii
1820 2861 1972 2896 Avianii
1988 2863 2057 2897 aliz·
2078 2864 2079 2868 ’

388 2920 439 2949 13.
468 2919 578 2961 atque
604 2918 744 2953 intimis
772 2920 831 2964 M,
859 2931 901 2954 ac
926 2920 1080 2955 intumis
1107 2922 1188 2956 HD
1218 2923 1229 2966 Η
1261 2926 1314 2956 ⁵20.
1343 2932 1423 2956 esse
1448 2921 1616 2956 homines
1642 2922 1704 2964 M,
1729 2919 1898 2954 homines
1924 2931 2005 2954 esse
2029 2921 2079 2966 D,

386 2963 550 2998 homines
571 2966 613 2999 H
629 2967 640 3010 Ιι
659 2969 714 3001 23.
740 2966 1006 3002 iucundissime
1030 2968 1330 3004 coniunctissime
1351 2970 1405 3011 M,
1431 2968 1502 3004 iuc.
1525 2970 1562 3003 et
1581 2968 1673 3003 coni.
1695 2967 1785 3010 HD,
1811 2966 2080 3003 iucundissimo

389 3010 684 3047 coniunctissime
705 3014 773 3048 aliz*
792 3015 850 3057 (ef.
867 3015 1252 3059 λ’ἰίρεῖεόαοή-Μῑϊῖῖεν
1272 3017 1349 3051 ‘lat
1365 3016 1461 3051 Stil?
1478 3028 1518 3061 1).
1533 3016 1638 3059 3158)
1658 3016 1669 3058 ΙΙ
1689 3017 1744 3049 24.
1771 3013 1889 3059 capio.
1916 3014 2002 3049 uale
2019 3016 2081 3060 DN}

389 3060 442 3090 27.
471 3061 524 3092 28.
551 3058 712 3102 cuipiam
738 3061 828 3104 HD,
856 3061 1003 3106 cupiam
1028 3063 1078 3096 M
1103 3065 1114 3106 ΙΙ
1145 3066 1200 3098 31.
1227 3065 1337 3108 grata
1363 3064 1464 3107 sunt,
1492 3063 1537 3096 de
1563 3066 1596 3097 et
1619 3063 1729 3106 grata
1756 3060 1917 3108 <sunt>,
1943 3062 2009 3097 sed.
2035 3062 2080 3097 de

395 3103 602 3149 lVesenbery
628 3107 686 3149 (cf.
714 3108 790 3142 ‘em
818 3109 895 3143 alt.²
918 3121 958 3153 p.
979 3113 1022 3143 43
1037 3111 1101 3154 sq.)
1577 3112 1579 3115 ’
