2242 3496
420 177 502 217 122
1019 172 1066 206 Μ.
1094 170 1234 205 TVLLI
1262 170 1512 207 CICERONIS

418 285 659 339 ignoscam,
693 286 736 324 et
769 282 953 322 alterum
986 279 1152 333 timori,
1185 279 1369 320 alterum
1402 279 1509 320 mihi
1543 282 1583 321 te
1616 294 1773 335 negare
1805 296 1892 322 non
1923 281 2118 336 potuisse

419 355 681 407 arbitrabor,
714 356 780 393 est
806 351 920 392 enim
947 365 1014 391 res
1041 350 1236 404 profecto
1264 350 1469 391 maxima:
1503 350 1605 405 quid
1631 354 1795 393 rectum
1822 352 1890 403 sit,
1923 354 2119 406 apparet,

418 426 520 479 quid
554 424 769 478 expediat,
809 422 1040 463 obscurum
1080 424 1163 476 est,
1196 421 1258 462 ita
1290 423 1453 475 tamen,
1493 424 1560 475 ut,
1599 421 1635 462 si
1667 437 1746 464 nos
1779 423 1817 463 ei
1851 423 2004 476 simus,
2046 422 2119 476 qui

416 511 508 537 esse
543 496 764 547 debemus,
796 492 840 533 id
873 495 957 547 est,
990 492 1134 533 studio
1168 492 1288 547 digni
1321 506 1369 533 ac
1400 492 1561 533 litteris
1593 493 1769 546 nostris,
1802 493 2001 534 dubitare
2032 507 2120 534 non

414 566 641 621 possimus,
676 564 780 618 quin
812 578 861 605 ea
893 563 1078 604 maxime
1112 563 1365 619 conducant,
1397 578 1505 618 quae
1539 566 1640 605 sunt
1672 564 1926 606 rectissima.
1970 564 2118 619 †quae
2157 578 2172 603 5

414 640 474 690 tu,
507 636 543 676 si
576 635 705 676 simul
737 634 938 689 placebit,
972 634 1121 675 statim
1154 634 1207 675 ad
1240 649 1306 676 me
1339 635 1501 690 venies,
1535 635 1601 675 sin
1635 635 1748 676 idem
1774 635 1964 689 placebit
1990 637 2120 689 atque

413 707 573 760 eodem,
606 721 684 748 nec
711 706 915 747 continuo
943 705 1118 760 poterit,
1151 705 1297 747 omnia
1329 705 1411 746 tibi
1443 708 1493 746 ut
1524 708 1630 746 nota
1663 705 1761 760 sint,
1794 705 1961 747 faciam.
2006 706 2121 760 quic-

411 777 512 831 quid
545 777 760 831 statueris,
792 779 833 818 te
867 776 973 818 mihi
1007 776 1212 831 amicum,
1245 776 1312 818 5111
1344 776 1407 828 id,
1441 777 1554 831 quod
1588 779 1711 832 opto,
1744 776 1877 818 etiam
1909 776 2120 819 amicissi-

413 863 530 890 mum
562 848 773 890 iudicabo.

1127 955 1219 997 xx.
1262 953 1403 1012 (153.)
2033 1001 2039 1006 .
2142 969 2176 995 10

1061 1062 1272 1105 cicnso
1307 1062 1476 1104 RVFO.

367 1170 382 1199 1
530 1158 772 1213 Quo<quo>
814 1159 940 1200 modo
982 1158 1242 1212 potuissem,
1285 1160 1328 1198 te
1368 1156 1679 1211 convenissem,
1719 1157 1753 1198 si
1793 1172 1862 1212 eo,
1901 1172 1985 1211 quo
2025 1171 2121 1198 con-

413 1230 639 1285 stitueras,
671 1230 815 1271 venire
848 1229 1078 1283 voluisses,
1112 1243 1262 1282 quare,
1295 1228 1378 1269 etsi
1411 1228 1495 1269 mei
1528 1228 1742 1270 commodi
1776 1243 1905 1269 causa
1936 1242 2122 1269 commo-

411 1317 508 1342 vere
541 1316 608 1342 me
640 1301 834 1355 noluisti,
867 1303 1014 1341 tamen
1045 1300 1109 1340 ita
1141 1299 1361 1341 existimes
1388 1299 1531 1353 velim,
1562 1314 1630 1340 me
1658 1299 1950 1340 antelaturum
1975 1298 2123 1353 fuisse,

412 1373 447 1414 si
482 1373 533 1414 ad
567 1387 634 1414 me
668 1372 879 1426 misisses,
916 1371 1189 1413 voluntatem
1228 1373 1347 1411 tuam
1389 1370 1615 1412 commodo
1656 1385 1765 1412 meo.
1823 1370 1876 1411 ad
1909 1385 1975 1425 ea,
2013 1384 2122 1424 quae
2145 1385 2176 1410 15

413 1443 647 1498 scripsisti,
699 1443 965 1484 commodius
1019 1442 1215 1496 equidem
1264 1456 1439 1496 possem
1485 1442 1534 1483 de
1580 1441 1764 1496 singulis
1810 1441 1862 1482 ad
1907 1443 1950 1482 te
1995 1440 2122 1482 rebus

413 1515 611 1569 scribere,
645 1514 681 1555 si
707 1513 765 1555 M.
785 1514 965 1568 Tullius,
999 1513 1141 1555 scriba
1168 1528 1301 1568 meus,
1332 1513 1519 1554 adesset:
1554 1528 1578 1553 a
1605 1526 1688 1566 quo
1715 1511 1822 1552 mihi
1851 1512 2123 1567 exploratum

413 1588 479 1627 est
511 1585 556 1626 in
588 1585 831 1627 rationibus
862 1585 1089 1626 dumtaxat
1121 1583 1356 1625 referendis
1389 1608 1437 1613 ——
1466 1584 1516 1625 de
1552 1583 1706 1625 ceteris
1740 1584 1869 1625 rebus
1896 1583 2122 1624 adfirmare

411 1672 499 1698 non
530 1671 709 1710 possum
742 1680 798 1685 —-
829 1654 939 1696 nihil
973 1670 1070 1696 eum
1107 1654 1263 1696 fecisse
1302 1654 1525 1704 scientem,
1566 1654 1679 1708 quod
1714 1657 1830 1696 esset
1864 1657 2016 1696 contra
2048 1658 2124 1696 aut

412 1743 502 1769 rem
536 1730 611 1768 aut
644 1726 1011 1768 existimationem
1044 1728 1183 1778 tuam,
1224 1725 1338 1779 dein,
1379 1725 1415 1766 si
1447 1725 1666 1766 rationum
1698 1725 2023 1767 referendarum
2054 1725 2121 1766 ius
2143 1741 2177 1765 20

411 1802 535 1840 vetus
568 1801 612 1839 et
643 1812 737 1839 mos
772 1797 977 1851 antiquus
1014 1799 1226 1848 maneret,
1259 1810 1326 1837 1116
1359 1796 1596 1837 relaturum
1628 1796 1832 1850 rationes,
1863 1796 1949 1838 nisi
1980 1799 2124 1838 tecum

411 1885 489 1924 pro
522 1868 823 1911 coniunctione
855 1870 1030 1909 nostrae
1063 1867 1396 1909 necessitudinis
1430 1867 1710 1908 contulissem
1740 1867 2123 1921 confecissemque,

367 1952 386 1982 2
413 1956 500 1982 non
532 1940 676 1982 fuisse.
735 1940 848 1994 quod
881 1939 1019 1994 igitur
1050 1938 1252 1980 fecissem
1285 1938 1337 1979 ad
1369 1939 1541 1992 urbem,
1575 1938 1611 1979 si
1645 1939 1908 1980 consuetudo
1941 1938 2126 1993 pristina

415 2015 632 2066 maneret,
677 2011 739 2065 id,
784 2011 989 2066 quoniam
1029 2010 1125 2064 lege
1163 2009 1276 2050 Iulia
1316 2009 1556 2063 relinquere
1595 2009 1784 2051 rationes
1821 2009 1865 2050 in
1904 2009 2126 2064 provincia

416 2098 588 2124 necesse
621 2085 712 2123 erat
745 2082 1000 2135 easdemque
1035 2080 1218 2122 totidem
1251 2080 1394 2121 verbis
1426 2080 1585 2121 referre
1619 2080 1672 2121 ad
1705 2080 1936 2136 aerarium,
1967 2080 2049 2122 feci
2081 2080 2125 2121 in
2147 2096 2180 2121 25

412 2154 647 2208 provincia,
678 2167 815 2207 neque
849 2153 912 2194 ita
943 2152 1037 2206 feci,
1070 2154 1119 2192 ut
1151 2153 1193 2192 te
1227 2151 1278 2192 ad
1311 2166 1456 2192 meum
1489 2150 1719 2192 arbitrium
1752 2151 2018 2206 adducerem,
2051 2151 2125 2193 sed

415 2224 550 2267 tribui
582 2224 665 2266 tibi
698 2226 881 2279 tantum,
916 2226 1127 2278 quantum
1159 2237 1227 2263 me
1260 2221 1465 2264 tribuisse
1496 2236 1733 2276 numquam
1766 2236 1833 2263 me
1864 2221 2124 2277 paenitebit:

421 2299 563 2338 totum
596 2295 710 2337 enim
743 2295 931 2337 scribam
963 2309 1124 2348 meum,
1164 2309 1292 2348 quem
1324 2293 1405 2334 tibi
1438 2293 1560 2334 video
1592 2308 1705 2335 nunc
1738 2308 1831 2335 esse
1864 2296 2124 2348 suspectum,

421 2367 502 2409 tibi
534 2367 709 2419 tradidi,
748 2369 795 2407 tu
829 2366 868 2407 ei
900 2365 957 2407 M.
983 2364 1212 2419 Mindium,
1250 2364 1429 2406 fratrem
1462 2368 1603 2419 tuum,
1642 2364 1895 2420 adiunxisti3
1932 2364 2122 2406 rationes

422 2438 642 2480 confectae
670 2452 737 2478 me
770 2437 947 2478 absente
975 2439 1076 2478 sunt
1103 2439 1258 2490 tecum,
1291 2436 1343 2477 ad
1371 2450 1476 2490 quas
1505 2450 1584 2491 ego
1610 2435 1719 2476 nihil
1747 2435 1923 2477 adhibui
1949 2437 2122 2491 praeter
2141 2451 2175 2476 30

421 2509 668 2562 lectionem3
710 2508 773 2550 ita
806 2507 951 2562 accepi
982 2508 1143 2549 librum
1177 2522 1200 2548 a
1233 2522 1328 2549 meo
1362 2521 1484 2549 servo
1518 2507 1678 2560 scriba,
1714 2509 1764 2548 ut
1795 2507 1976 2549 eundem
2009 2521 2124 2548 acce-

421 2606 585 2610 *WV
657 2606 666 2608 ⁷
682 2605 703 2607 ⁰
2097 2604 2108 2621 σ

542 2665 570 2695 1.
600 2660 759 2694 alterum
786 2659 1006 2707 (tribuam)
1033 2661 1059 2695 t.
1088 2661 1208 2704 (Koch
1226 2660 1364 2694 Philol.
1386 2660 1564 2705 Anzeiyer
1582 2659 1617 2693 V
1637 2672 1676 2704 p.
1699 2661 1779 2703 161)
1800 2661 1811 2704 Η
1831 2663 1862 2694 2.
1885 2658 2045 2693 arbitror
2067 2658 2100 2693 G'

422 2709 511 2751 quid
539 2708 695 2753 rectum]
723 2708 822 2751 quod
849 2720 874 2741 r.
902 2709 936 2741 Ω.
961 2709 972 2751 Η
999 2713 1028 2742 5.
1057 2719 1123 2742 nos
1150 2707 1200 2753 ei]
1228 2706 1326 2741 nosti
1353 2708 1411 2750 M,
1444 2718 1512 2741 nos
1543 2707 1631 2751 GR,
1657 2719 1724 2741 nos
1751 2706 1779 2740 ii
1805 2718 1825 2744 ς
1851 2708 1862 2751 ΙΙ
1889 2705 2002 2740 simus
2029 2706 2122 2750 MR,

423 2768 547 2789 sumus
577 2759 610 2789 (τ’
628 2757 639 2799 Η
660 2760 690 2789 5.
719 2755 794 2789 sint
820 2756 1030 2799 lVesenbergy
1050 2757 1060 2799 ΙΙ
1081 2766 1175 2799 quae
1203 2757 1237 2788 Ω
1262 2757 1347 2798 (quc
1368 2755 1430 2799 R),
1458 2765 1572 2798 quare
1599 2766 1630 2797 ς,
1657 2755 1724 2789 del.
1752 2754 1927 2789 Streielaer
1952 2754 2005 2797 (p.
2030 2756 2122 2797 159),

421 2804 504 2844 fort.
532 2808 623 2838 ¹recte
643 2804 653 2846 Η
674 2806 704 2836 6.
732 2802 848 2846 idem]
876 2801 1027 2845 quidem
1054 2803 1404 2848 fllartyui-Laymza
1423 2803 1434 2846 Η
1456 2805 1484 2836 7.
1512 2801 1651 2846 poteris
1679 2813 1698 2838 ς
1719 2803 1730 2845 ΙΙ
1756 2805 1809 2836 12.
1837 2811 1984 2844 quoquo
2011 2800 2122 2834 Lam-

423 2850 543 2893 binus,
577 2861 648 2893 quo
675 2851 718 2884 Ω.
758 2851 803 2892 cf.
832 2850 977 2884 Krauss
1006 2850 1093 2884 ‘05⁶1
1120 2862 1171 2894 ep.
1199 2850 1277 2884 em.'
1301 2853 1405 2893 1128
1437 2851 1448 2893 Η
1481 2853 1534 2883 14.
1567 2848 1721 2883 noluisti
1746 2849 1806 2891 M,
1838 2846 1992 2881 uoluisti
2021 2847 2092 2882 GR

422 2900 473 2930 15.
503 2897 533 2930 si
561 2897 608 2930 ad
634 2908 691 2930 me
717 2896 883 2931 misisses
914 2896 962 2939 G,
991 2896 1021 2929 51
1048 2896 1329 2931 admeminisses
1356 2897 1438 2931 MR
1458 2898 1468 2941 ΙΙ
1491 2901 1542 2931 17,
1573 2897 1610 2942 a]
1638 2896 1682 2929 de
1710 2906 1740 2932 ς.
1779 2895 1824 2937 ef.
1853 2895 1948 2929 Boot
1972 2895 2021 2929 ad
2050 2894 2122 2930 oie.

424 2944 471 2977 ad
498 2945 573 2978 Art.
600 2944 666 2986 XI,
694 2948 725 2987 3,
748 2947 767 2977 3
799 2945 810 2988 Η
843 2946 896 2977 19.
931 2945 1059 2978 contra
1091 2945 1171 2989 aut]
1209 2945 1254 2987 ef,
1282 2944 1495 2988 Nipperdey
1526 2944 1575 2978 ad
1605 2943 1697 2986 Nep.
1724 2942 1800 2976 Att.
1828 2944 1858 2984 6,
1881 2945 1900 2974 2
1931 2943 1944 2984 ΙΙ
1975 2945 2030 2976 20.
2058 2943 2125 2976 aut

424 3002 488 3023 om.
517 2991 552 3024 R
583 2993 594 3034 Η
627 2990 711 3024 dein
738 2992 774 3033 (i.
803 3003 828 3025 e.
859 2989 1024 3034 deinde),
1063 3003 1087 3024 n
1122 3003 1166 3026 ea}
1198 3003 1238 3035 u,
1280 2996 1321 3025 ut
1352 2992 1435 3033 vid„
1476 2991 1518 3026 G.
1558 2991 1611 3024 vel
1649 2988 1741 3023 scito
1778 2989 1832 3023 vel
1870 2990 1978 3023 etiam
2010 2990 2124 3033 plura

419 3042 502 3080 post
529 3037 614 3070 dein
642 3039 862 3072 intercidisse
889 3042 999 3081 putat
1026 3038 1075 3071 W
1074 3040 1238 3084 esembergy
1272 3037 1378 3082 (scito
1400 3036 1484 3083 ‘post
1508 3047 1566 3070 me
1591 3037 1708 3080 suppl.
1736 3036 2125 3081 Illartym-Lagyuna)}l

425 3087 478 3117 23.
513 3084 626 3128 quod]
660 3084 750 3127 quid
782 3085 879 3129 MR,
913 3084 977 3128 qui
1012 3085 1044 3119 G
1081 3088 1092 3128 Η
1131 3090 1185 3120 25.
1220 3084 1369 3119 easdem
1405 3085 1476 3120 GR
1513 3086 1524 3128 ΙΙ
1562 3082 1703 3117 deferre
1735 3083 2123 3129 Illae-tyni-Layunaq

425 3134 479 3164 31.
509 3140 611 3164 servo
641 3130 778 3176 scriba]
815 3132 860 3174 cf.
887 3132 1087 3167 Moimnsen
1115 3133 1164 3168 ‘r.
1186 3132 1353 3168 Staatffl
1381 3132 1442 3176 HI,
1468 3137 1481 3166 1
1504 3143 1543 3176 p.
1565 3134 1643 3166 428.
1685 3140 1789 3165 servo
1815 3131 1880 3166 del.
1910 3130 2121 3177 Wesenberg
