2242 3496
787 222 1122 260 lCl‘lS'l‘VLARVM
1150 224 1174 261 I.
1202 229 1233 261 9.
1804 228 1853 269 17

162 329 375 370 audissem
415 342 465 368 ex
504 327 620 381 aliis,
660 330 843 371 maxime
884 347 932 372 ex
974 348 1066 373 meo
1106 334 1238 374 fratre
1277 334 1477 389 cognovi,
1519 349 1644 389 quem
1685 351 1779 376 cum
1814 336 1854 377 in

162 398 360 442 Sardinia
386 398 616 453 Pompeius
650 401 795 453 paucis
830 406 928 454 post
961 403 1122 457 diebus,
1156 419 1283 458 quam
1318 404 1431 446 Luca
1463 405 1731 460 discesserat,
1763 422 1858 447 con-

161 470 363 519 venisset,
396 469 482 523 ‘te',
514 469 666 523 inquit,
699 470 855 524 ‘ipsum
884 474 1026 527 cupi03
1059 475 1163 515 nihil
1194 476 1447 529 oportunius
1475 476 1618 529 potuit
1651 477 1856 518 accidere:

161 541 244 582 nisi
273 555 369 582 cum
398 540 543 581 Marco
575 539 708 581 fratre
742 541 972 596 diligenter
998 545 1148 597 egeris.
1182 545 1499 599 dependendum
1530 545 1607 587 tibi
1636 551 1711 600 est,
1746 549 1855 601 quod

127 611 269 653 5mihi
301 626 379 666 pro
412 611 487 652 illo
527 610 832 665 spopondisti’g
873 612 971 665 quid
1015 614 1179 654 multa?
1219 619 1394 668 questus
1435 620 1500 657 est
1537 617 1742 671 graviter:
1783 634 1855 658 sua

161 681 317 723 merita
361 681 733 734 commemoravit3
780 683 880 736 quid
927 684 1087 737 egisset
1133 686 1379 739 saepissime
1426 688 1475 727 de
1517 688 1625 729 actis
1664 688 1857 729 Caesaris

161 767 258 794 cum
284 752 379 806 ipso
406 765 500 792 meo
527 751 661 793 fratre
689 752 874 806 quidque
902 753 983 793 sibi
1018 754 1053 794 is
1087 755 1135 795 de
1170 770 1235 796 me
1262 757 1505 810 recepisset,
1538 758 1580 798 in
1609 759 1857 800 memoriam

161 823 327 878 redegit
360 836 501 876 seque,
535 836 640 876 quae
674 822 723 863 de
758 837 853 864 mea
879 823 1016 864 salute
1044 824 1214 878 egisset,
1247 827 1466 867 voluntate
1494 827 1689 870 Caesaris
1718 830 1858 884 egisse

160 894 303 948 ipsum
330 908 472 934 meum
498 892 677 934 fratrem
704 895 891 934 testatus
919 897 1002 949 est3
1035 894 1154 936 cuius
1182 910 1352 936 causam
1386 898 1726 953 dignitatemque
1753 900 1857 940 mihi

109 981 141 1005 ιο
161 967 210 1005 111
248 964 588 1017 commendaret,
626 964 815 1019 rogavit,
853 967 902 1005 ut
940 979 1033 1005 eam
1071 980 1123 1006 ne
1163 980 1473 1021 oppugnarem,
1512 969 1547 1009 si
1586 970 1744 1011 nollem
1784 974 1858 1011 aut

158 1048 246 1077 non
277 1049 451 1089 possem
477 1034 598 1075 tueri.
649 1034 755 1076 haec
782 1049 878 1076 cum
906 1035 957 1075 ad
984 1050 1050 1076 me
1083 1035 1217 1077 frater
1243 1038 1494 1090 pertulisset
1521 1042 1563 1079 et
1590 1054 1685 1080 cum
1714 1044 1858 1081 tamen
1887 1054 1926 1084 10

159 1105 390 1160 Pompeius
430 1105 483 1146 ad
521 1119 587 1146 me
629 1119 726 1146 cum
768 1104 981 1146 mandatis
1021 1105 1262 1148 Vibullium
1305 1108 1510 1163 misisset,
1555 1112 1602 1150 ut
1641 1110 1855 1165 integrum

159 1175 264 1218 mihi
299 1176 349 1217 de
382 1190 511 1218 causa
543 1173 765 1230 Campana
797 1176 850 1217 ad
883 1191 1007 1217 suum
1040 1177 1225 1218 reditum
1258 1192 1530 1233 reservarem,
1567 1180 1733 1235 conlegi
1766 1181 1855 1235 ipse

159 1261 226 1288 me
264 1249 308 1288 et
346 1261 443 1289 cum
486 1246 581 1301 ipsa
625 1247 749 1301 quasi
787 1261 831 1287 re
873 1247 1048 1301 publica
1092 1248 1342 1290 conlocutus
1389 1265 1500 1305 sum,
1544 1254 1591 1292 ut
1629 1251 1734 1292 mihi
1767 1255 1855 1292 tam

109 1335 142 1360 15
161 1317 299 1359 multa
318 1332 396 1372 pro
424 1332 468 1359 se
493 1331 698 1373 perpesso
726 1320 856 1372 atque
882 1317 1107 1372 perfuncto
1136 1320 1397 1374 concederet,
1424 1324 1470 1361 ut
1497 1321 1686 1363 officium
1715 1337 1855 1363 meum

161 1403 481 1443 memoremque
513 1388 558 1430 in
588 1388 695 1430 bene
730 1388 909 1430 meritos
949 1388 1138 1430 animum
1179 1389 1389 1444 fidemque
1428 1391 1572 1433 fratris
1614 1393 1697 1434 mei
1736 1408 1856 1447 prae-

160 1462 335 1514 starem,
361 1474 556 1514 eumque,
583 1473 710 1513 quem
736 1459 898 1501 bonum
924 1460 1060 1501 civem
1087 1474 1255 1514 semper
1279 1461 1512 1516 habuisset,
1539 1463 1698 1503 bonum
1719 1464 1857 1504 virum

160 1544 253 1571 esse
278 1533 512 1584 pateretur.
555 1529 601 1571 in
626 1530 714 1571 illis
741 1533 886 1571 autem
908 1530 1013 1571 meis
1044 1530 1284 1572 actionibus
1313 1532 1619 1586 sententiisque
1648 1534 1856 1587 omnibus,

161 1615 270 1655 quae
297 1600 554 1655 Pompeium
586 1601 842 1642 videbantur
869 1601 1094 1656 offendere,
1127 1605 1342 1643 certorum
1367 1601 1601 1656 hominum,
1635 1618 1740 1657 quos
1771 1604 1857 1644 iam

105 1689 140 1715 20
160 1671 288 1713 debes
327 1671 556 1726 suspicari,
601 1686 819 1714 sermones
857 1671 1155 1714 referebantur
1192 1673 1243 1713 ad
1282 1687 1367 1726 me,
1413 1672 1485 1727 qui
1524 1688 1618 1714 eum
1658 1674 1731 1714 illa
1768 1689 1858 1715 sen-

159 1743 294 1784 tirent
324 1741 370 1784 in
401 1757 446 1784 re
477 1742 670 1798 publica,
709 1757 817 1798 quae
850 1757 930 1798 ego
973 1743 1173 1799 agebam,
1213 1758 1463 1798 semperque
1503 1744 1753 1798 sensissent,
1791 1759 1857 1785 me

160 1816 305 1855 tamen
336 1828 423 1855 non
456 1813 563 1855 satis
601 1812 742 1856 facere
775 1813 983 1868 Pompeio
1017 1813 1328 1868 Caesaremque
1367 1814 1713 1855 inimicissimum
1752 1814 1856 1855 mihi

159 1883 355 1926 futurum
393 1884 578 1940 gaudere
617 1899 661 1926 se
699 1884 893 1940 aiebant,
931 1887 1024 1926 erat
1061 1885 1143 1927 hoc
1181 1885 1287 1926 mihi
1326 1884 1573 1939 dolendum,
1612 1885 1683 1926 sed
1722 1886 1857 1926 multo

159 1955 266 1996 illud
303 1955 461 2011 magis,
508 1956 621 2010 quod
661 1955 884 1997 inimicum
927 1970 1069 1998 meum
1104 1980 1153 1985 —
1190 1970 1331 1996 meum
1371 1956 1543 1997 autem?
1587 1955 1719 1997 immo
1759 1970 1858 1997 vero

106 2043 141 2070 25
159 2026 318 2082 legum,
350 2025 620 2081 iudiciorum,
655 2027 745 2082 otii,
777 2026 964 2082 patriae,
995 2027 1207 2068 bonorum
1241 2026 1431 2068 omnium
1468 2050 1515 2055 —-
1553 2026 1613 2067 sic
1646 2027 1859 2081 amplexa-

158 2097 334 2152 bantur,
376 2097 437 2139 sic
475 2097 522 2138 in
558 2098 757 2140 manibus
795 2098 1033 2152 habebant,
1074 2097 1137 2139 sic
1174 2097 1394 2151 fovebant,
1433 2098 1493 2138 sic
1532 2112 1597 2138 me
1636 2100 1857 2151 praesente

160 2168 484 2223 osculabantur,
524 2183 613 2210 non
649 2169 714 2210 illi
747 2169 919 2223 quidem
958 2171 1006 2209 ut
1045 2167 1151 2209 mihi
1184 2168 1453 2209 stomachum
1485 2167 1692 2221 facerent,
1734 2182 1857 2222 quem

160 2253 241 2295 ego
273 2239 468 2281 funditus
500 2239 684 2294 perdidi,
718 2240 790 2281 sed
824 2242 939 2282 certe
971 2242 1020 2280 ut
1050 2238 1190 2281 facere
1223 2253 1268 2279 se
1300 2238 1631 2280 arbitrarentur:
1664 2238 1733 2280 hic
1766 2252 1858 2292 ego,

159 2312 370 2364 quantum
401 2309 591 2352 humano
631 2310 812 2352 consilio
853 2309 1021 2352 efficere
1059 2309 1200 2364 potui,
1240 2309 1560 2363 circumspectis
1594 2309 1719 2349 rebus
1752 2308 1856 2349 meis

107 2399 142 2424 so
161 2381 362 2423 omnibus
405 2381 732 2436 rationibusque
766 2381 988 2423 subductis
1028 2395 1239 2421 summam
1278 2380 1359 2421 feci
1398 2379 1710 2434 cogitationum
1742 2393 1856 2418 mea-

160 2467 256 2494 rum
289 2451 499 2508 omnium,
532 2467 661 2507 quam
692 2451 792 2507 tibi,
826 2452 862 2493 si
894 2454 1064 2506 potero,
1095 2451 1283 2492 breviter
1315 2464 1535 2504 exponam.
1598 2463 1695 2503 ego,
1734 2449 1769 2489 si
1802 2449 1854 2489 ab
1884 2462 1920 2492 11

160 2523 373 2578 improbis
406 2526 449 2565 et
480 2523 662 2578 perditis
695 2523 860 2565 civibus
891 2537 983 2564 rem
1014 2522 1231 2576 publicam
1264 2521 1400 2562 teneri
1432 2520 1638 2573 viderem,
1672 2518 1782 2559 sicut
1814 2522 1857 2558 et

278 2750 309 2781 3.
336 2745 468 2790 inquid
495 2746 576 2782 ΜΘ-
594 2748 606 2792 l}
626 2745 868 2791 opportunius
895 2756 916 2782 ς
935 2747 946 2789 ΙΙ
966 2748 996 2779 5.
1024 2744 1175 2787 questus
1201 2754 1244 2776 ea:
1271 2742 1446 2785 quaestus
1474 2740 1537 2774 Mc
1556 2742 1567 2783 ΙΙ
1587 2743 1617 2774 5.
1641 2743 1670 2773 6.
1693 2749 1759 2772 sua
1779 2750 1855 2773 ma-

158 2791 260 2827 xima
284 2793 419 2828 merita
441 2794 475 2829 G
493 2795 504 2839 ΙΙ
526 2798 556 2829 7.
583 2794 614 2828 is
640 2805 684 2828 esc
709 2793 766 2827 his
794 2793 858 2827 1110
883 2795 895 2836 n
919 2790 1170 2836 praecepisset
1191 2789 1261 2823 GR
1286 2791 1298 2832 ΙΙ
1324 2792 1354 2823 8.
1382 2787 1520 2832 redigit
1541 2787 1585 2820 M
1602 2790 1612 2830 [Ι
1632 2786 1751 2830 egisse
1779 2787 1854 2828 Mc,

159 2839 298 2884 egisset
317 2840 388 2884 Ml,
414 2851 480 2876 om.
505 2841 576 2876 GR
594 2843 606 2885 ΙΙ
626 2844 656 2875 9.
684 2839 788 2874 cuius
814 2851 878 2874 om.
906 2839 976 2873 GR
995 2840 1007 2882 11
1028 2841 1080 2871 10.
1103 2835 1354 2871 commodaret
1376 2835 1446 2869 GR
1465 2840 1476 2876 u
1498 2838 1550 2868 11.
1572 2836 1609 2866 et
1629 2845 1709 2866 cum
1732 2834 1856 2867 tamen

159 2886 214 2931 M,
240 2888 278 2921 et
303 2897 387 2921 eum
412 2889 538 2922 tamen
562 2889 605 2931 G,
632 2889 675 2921 ut
700 2898 781 2920 eum
809 2897 890 2920 cum
916 2887 1042 2919 tamen
1069 2885 1113 2918 lif.
1142 2885 1179 2917 et
1205 2893 1287 2916 cum
1313 2882 1425 2917 etiam
1449 2882 1599 2924 Madviy
1626 2881 1738 2923 (mlv.
1759 2880 1853 2914 crit.’

158 2933 209 2968 III
223 2945 262 2979 p.
279 2937 361 2979 156)
381 2937 392 2979 ΙΙ
413 2938 466 2970 12.
487 2934 700 2977 mandatis,
728 2946 743 2967 s
769 2944 885 2976 erasa,
912 2933 956 2966 M
973 2936 984 2974 ss
1004 2929 1200 2965 uibullium
1223 2930 1276 2972 M,
1296 2928 1463 2963 bibulum
1488 2930 1530 2970 (ι’,
1557 2927 1594 2960 111
1614 2929 1807 2971 (⁸111).2'S.(I‹
1824 2929 1856 2970 1)

159 2979 329 3015 bibulum
354 2982 391 3016 R
410 2984 422 3027 ΙΙ
442 2985 496 3017 16.
525 2974 761 3024 animumque
789 2980 834 3013 M
850 2982 861 3023 ΙΙ
883 2983 936 3014 17,
964 2977 1176 3012 habuissem
1204 2977 1284 3011 MR
1311 2977 1399 3019 (-set
1427 2976 1518 3017 ills),
1554 2973 1773 3008 habuissent
1801 2974 1833 3008 G

159 3030 215 3062 20.
236 3028 518 3072 perferebantur
537 3030 591 3064 vel
611 3027 873 3063 deferebantur
890 3027 1001 3060 Orelli
1019 3028 1031 3069 fl
1051 3029 1105 3059 23,
1129 3024 1292 3069 agebant
1306 3025 1339 3056 ,Ω
1360 3022 1526 3065 (aiebant
1542 3021 1616 3064 Mt)
1636 3022 1646 3064 ΙΙ
1666 3024 1721 3055 27.
1737 3020 1855 3054 066111-

159 3074 338 3109 tabantur
364 3075 412 3109 M
433 3077 521 3119 (osc.
550 3076 598 3110 M
603 3077 650 3120 f),
682 3074 946 3109 ocultabantur
971 3073 1025 3115 R,
1058 3071 1299 3106 occultabant
1321 3071 1354 3104 (ι’
1378 3072 1388 3112 Η
1420 3067 1649 3117 stomachum
1688 3079 1732 3120 ea:
1757 3067 1856 3101 stho-

160 3131 306 3156 macum
332 3122 399 3156 Me
423 3125 435 3167 ΙΙ
461 3125 516 3157 29.
544 3121 863 3166 circuminspectis
889 3122 922 3154 Ω
956 3119 1010 3163 (111
1035 3131 1113 3163 emp.
1142 3119 1322 3162 M¹)1l32'.
1351 3116 1446 3150 sicut
1477 3117 1514 3149 et
1548 3115 1635 3158 Gli,
1668 3125 1720 3149 sic
1751 3116 1789 3148 et
1815 3114 1861 3148 M

159 3167 272 3212 (sicut
295 3170 334 3203 et
359 3169 405 3203 M
409 3172 436 3214 r)

233 3232 296 3259 Cic.
316 3241 361 3264 ep.
382 3234 428 3259 ed.
448 3234 729 3260 Mendelssohn.
1554 3224 1573 3254 2
