2242 3496
714 212 1049 248 EplsTVLARVM
1077 215 1118 248 ll.
1146 219 1176 249 εἰ.
1206 218 1235 249 ῗ.
1263 221 1295 250 8.
1795 217 1849 255 35»

167 319 433 372 tabellarios,
477 322 542 371 ut,
587 320 787 373 quoniam
834 336 933 362 sane
979 322 1159 364 feliciter
1199 326 1241 362 ct
1279 338 1328 364 ex
1369 337 1462 363 mea
1504 323 1718 364 sententia
1763 339 1848 364 reni

166 390 383 445 publicam
416 389 647 445 gessimus,
680 391 774 432 nnis
809 391 964 432 litteris
998 393 1130 434 totins
1163 393 1341 434 aestatis
1375 407 1440 434 res
1473 396 1617 447 gestas
1651 394 1700 434 ad
1735 408 1850 434 scnu-
1895 407 1901 414 ·

167 464 260 502 tum
289 460 610 515 perscriberem.
667 461 716 501 ‹h›
750 463 986 503 sacerdotio
1026 467 1117 516 tuo,
1157 467 1360 517 quantuni
1401 478 1544 504 curam
1584 463 1850 504 adhibuerim

167 544 379 586 quamque
411 530 577 571 difficili
611 530 652 570 in
687 546 729 572 re
763 535 889 585 atque
922 547 1065 581 cansa,
1104 547 1334 587 cognosces
1367 549 1414 574 ex
1449 533 1509 574 cis
1542 534 1715 583 litteris,
1749 549 1851 588 quas

131 600 391 654 aThrasoni‚
422 600 578 641 liberto
613 603 699 653 tuo,
731 601 836 641 dedi.
888 606 940 654 le,
975 602 1029 642 ini
1065 602 1205 655 Curio,
1237 619 1313 657 pro
1348 607 1421 644 tua
1455 604 1689 645 incredibili
1720 604 1759 644 in
1790 620 1854 645 ine
1882 630 1887 637 Δ

166 670 457 713 benivolentia
483 685 661 724 meaque
690 671 791 711 item
826 672 866 711 in
901 675 941 711 te
970 673 1175 725 singulari
1204 688 1308 728 rogo
1336 677 1462 728 atquc
1490 688 1577 727 oro,
1609 689 1660 715 ne
1691 675 1853 728 patiare

167 742 398 797 quicquam
430 740 537 782 mihi
564 741 616 781 ad
642 741 751 782 hanc
777 742 1083 795 provincialem
1110 743 1351 784 molestiam
1386 744 1590 798 temporis
1618 745 1853 800 prorogari.

166 826 368 867 praesens
409 814 551 853 tecum
596 811 682 866 egi,
727 826 823 852 cum
861 815 902 853 te
941 815 992 852 tr.
1030 813 1084 866 pl.
1126 813 1208 853 isto
1248 829 1357 854 anno
1397 815 1486 855 fore.
1525 830 1609 855 non
1648 818 1856 869 putarem,

166 883 355 937 itemque
397 881 532 936 petivi
576 896 702 936 saepe
746 897 821 935 per
866 881 1052 936 litteras,
1096 883 1167 923 sed
1213 887 1304 924 tum
1350 885 1469 938 quasi
1513 900 1537 925 a
1580 885 1856 938 †senatuorc‚

115 967 149 992 ιο
165 952 437 995 nobilissimo
471 954 616 993 tamen
648 952 917 994 adulescente
950 956 992 993 et
1025 953 1356 1007 gratiosissimo,
1390 969 1498 995 nunc
1532 970 1556 995 a
1588 958 1637 995 tr.
1671 955 1725 1009 pl.
1758 959 1800 996 et
1833 970 1857 996 a

167 1021 351 1065 Curione
382 1023 571 1078 tribuno,
601 1036 687 1064 non
718 1025 768 1064 ut
800 1022 1052 1064 decernatur
1084 1023 1245 1077 aliquid
1276 1024 1376 1065 novi
1408 1049 1453 1054 —-
1486 1025 1595 1078 quod
1630 1026 1739 1065 solet
1765 1040 1855 1066 esse

167 1094 385 1136 difficilius
419 1118 493 1148 -,
531 1094 603 1135 sed
636 1096 684 1135 ut
715 1108 767 1134 ne
801 1094 903 1147 quid
933 1094 1034 1135 novi
1065 1094 1337 1148 decernatur,
1370 1097 1417 1135 ut
1450 1098 1491 1135 ct
1524 1095 1659 1136 senati
1695 1096 1857 1136 consul—

169 1167 261 1207 tum
298 1167 342 1206 et
373 1164 491 1220 leges
524 1163 725 1205 defendas
765 1178 897 1218 eaque
932 1164 1036 1205 mihi
1079 1164 1269 1205 condicio
1303 1169 1488 1217 maneat,
1528 1179 1608 1219 qua
1640 1166 1856 1219 profectus

168 1250 280 1277 sum:
311 1235 394 1277 hoc
426 1238 469 1276 te
501 1235 777 1276 vehementer
808 1235 939 1275 etiam
973 1238 1101 1289 atque
1134 1235 1264 1276 etiam
1296 1250 1415 1290 rogo.

116 1368 162 1394 15.
880 1352 999 1394 vm.
1043 1351 1149 1408 (82.)

473 1447 530 1488 M.
564 1445 777 1489 CICERO
812 1446 1047 1489 PRooos
1081 1445 1122 1489 s,
1154 1445 1204 1487 D.
1237 1446 1293 1487 M.
1326 1445 1562 1504 CAELIO„

286 1540 426 1590 Quid?
458 1544 507 1583 tu
539 1556 606 1582 me
633 1541 713 1583 hoc
744 1541 826 1582 tibi
852 1541 1076 1582 mandasse
1102 1541 1334 1594 existimas,
1366 1543 1414 1581 ut
1440 1541 1545 1581 mihi
1571 1542 1857 1596 gladiatorum

143 1612 498 1668 conpositiones,
523 1615 572 1653 ut
592 1612 837 1653 vadimonia
863 1611 1005 1666 dilata,
1031 1615 1079 1652 ut
1100 1610 1271 1653 Chresti
1292 1611 1639 1665 compilationem
1665 1612 1857 1654 mitteres

169 1686 213 1725 et
244 1698 305 1737 ea,
337 1698 445 1738 quae
476 1683 615 1737 nobis,
647 1697 744 1725 cum
776 1682 939 1725 Romae
973 1696 1132 1736 sumus,
1163 1696 1336 1723 narrare
1367 1696 1491 1722 nemo
1525 1681 1708 1722 audeat?
1753 1682 1858 1735 vide,

114 1770 149 1795 20
169 1756 378 1808 quantum
410 1753 492 1794 tibi
524 1758 618 1795 meo
657 1754 816 1796 iudicio
854 1754 1043 1795 tribuam
1076 1778 1130 1782 ——
1162 1767 1240 1794 nec
1272 1752 1456 1793 mercule
1487 1751 1659 1806 iniuria3
1695 1756 1859 1793 πολιτι-

167 1824 359 1878 κώτερον
391 1824 507 1866 enim
538 1827 581 1865 te
614 1824 753 1866 adhuc
783 1824 999 1865 neminem
1037 1823 1219 1878 cognovi
1252 1838 1325 1863 —z
1365 1837 1417 1863 ne
1450 1822 1524 1863 illa
1557 1822 1726 1876 quidem
1759 1837 1858 1863 curo

168 1894 275 1936 mihi
307 1895 492 1950 scribas,
525 1909 633 1949 quae
666 1894 864 1936 maximis
897 1895 941 1936 in
973 1894 1100 1935 rebus
1132 1894 1194 1935 rei
1224 1893 1422 1948 publicae
1454 1895 1662 1948 geruntur
1693 1893 1860 1941 cotidie,

167 1965 252 2007 m‘si
285 1965 387 2020 quid
418 1965 471 2006 ad
505 1980 571 2007 me
603 1966 745 2020 ipsum
783 1965 1036 2020 pertinebit:
1075 1964 1264 2006 scribent
1302 1963 1394 2017 alii,
1433 1963 1558 2004 multi
1589 1963 1859 2016 nuntiabunt,

167 2035 357 2091 perferet
399 2036 538 2077 multa
581 2036 713 2078 etiam
757 2036 848 2090 ipse
893 2050 1055 2089 rumor3
1102 2049 1230 2088 quare
1275 2047 1354 2088 ego
1396 2048 1473 2075 nec
1510 2033 1742 2087 praeterita
1784 2046 1860 2072 nec

288 2166 318 2199 1.
344 2163 494 2198 filiciter
513 2164 561 2198 M
575 2165 588 2209 11
605 2174 689 2198 mea
709 2164 776 2199 del.
801 2164 856 2198 Io.
871 2163 1046 2198 Schrader
1064 2163 1076 2206 ΙΙ
1095 2165 1127 2196 2.
1147 2161 1230 2195 unis
1250 2161 1296 2205 R,
1324 2160 1431 2194 nujus
1452 2160 1533 2195 MG
1559 2161 1613 2204 (ἰη-
1636 2160 1682 2194 Μ
1699 2171 1722 2192 u
1737 2163 1862 2204 postea

166 2212 286 2255 erasa)
314 2211 326 2256 ΙΙ
353 2214 386 2246 4.
413 2221 599 2256 quamque
625 2222 662 2255 ς,
695 2221 921 2254 quamquam
947 2211 981 2244 Ω.
1006 2211 1017 2254 ΙΙ
1042 2208 1187 2243 difficili
1212 2209 1271 2251 M,
1305 2207 1524 2242 difficillime
1554 2207 1626 2241 GR
1650 2208 1661 2250 ΙΙ
1686 2207 1798 2249 atque
1823 2205 1862 2239 in

167 2269 281 2293 causa
301 2258 373 2294 GR
391 2259 404 2303 ΙΙ
423 2257 492 2304 eis]
519 2258 578 2292 his
599 2259 644 2302 Ω,
670 2257 715 2292 iis
737 2269 757 2295 ς
777 2259 788 2302 u
808 2263 840 2293 5.
865 2256 1034 2291 thrasoni
1058 2257 1218 2291 radendo
1243 2266 1287 2290 ex
1310 2253 1502 2288 tharasoni
1524 2254 1578 2296 M,
1605 2253 1745 2287 trasoni
1767 2253 1838 2287 GR
1860 2282 1862 2289 ,

168 2308 200 2341 6.
224 2315 382 2349 meaque
391 2304 480 2351 ΜΨ]
509 2306 616 2350 (3-4
642 2306 722 2348 litt„
747 2305 834 2348 fort.
860 2304 898 2338 in
923 2305 972 2347 te,
999 2305 1104 2347 eras.)
1131 2302 1220 2336 item
1245 2301 1284 2335 in
1308 2303 1346 2336 te
1372 2302 1420 2335 Μ
1425 2330 1432 2340 ,
1465 2311 1619 2344 meaque
1646 2299 1682 2333 in
1708 2301 1744 2333 te
1771 2299 1860 2332 item

169 2352 242 2388 GR
260 2354 272 2397 ΙΙ
292 2357 323 2388 7.
348 2351 613 2397 prouintialem
638 2352 687 2386 M
707 2353 717 2396 ΙΙ
743 2356 775 2387 8.
801 2353 845 2387 tr.
872 2351 938 2396 pL]
966 2352 1145 2394 tyrannus
1170 2348 1298 2393 publio
1324 2348 1485 2382 lentulus
1513 2349 1546 2381 Ω,
1571 2349 1582 2391 ΙΙ
1608 2351 1638 2381 9.
1667 2347 1860 2380 senatuore

166 2400 314 2444 (senatu
339 2410 400 2434 ore
427 2399 475 2444 G)
500 2399 592 2443 MG,
620 2401 790 2433 senatore
815 2399 862 2433 R.
891 2399 1006 2433 variis
1031 2398 1145 2431 modis
1169 2397 1275 2431 verba
1301 2397 1494 2429 senatuore
1521 2414 1564 2418 —
1591 2392 1860 2438 gratiosissimo

167 2450 341 2492 temptata
375 2450 477 2490 sunt,
515 2448 670 2481 maaez'me
708 2446 1050 2490 transpositionibus
1057 2459 1070 2487 ;
1106 2447 1196 2478 recte
1227 2442 1403 2477 Streicher
1436 2443 1489 2485 (p.
1511 2443 1577 2473 195
1603 2442 1667 2484 sq.)
1699 2440 1752 2472 πί]
1789 2440 1862 2472 nisi

168 2495 395 2528 senatore—
415 2495 470 2528 ita
495 2504 516 2531 ς
537 2513 581 2518 -
601 2497 811 2537 corruptum
842 2503 912 2527 esse
943 2493 1049 2526 dixit.
1082 2501 1191 2535 neque
1223 2494 1341 2524 tamen
1372 2489 1472 2522 illius
1505 2489 1684 2520 sectatore
1718 2486 1861 2519 culmini

162 2544 296 2586 potest,
335 2541 466 2586 quippe
497 2544 529 2575 ct
560 2541 662 2576 verbo
694 2539 986 2574 contumeliosum
1017 2541 1048 2572 et
1080 2549 1103 2571 α
1133 2547 1170 2571 re
1201 2548 1290 2581 quae
1322 2537 1445 2579 assitw·
1476 2535 1644 2568 alienum.
1688 2534 1858 2566 nimirum

168 2589 364 2632 opponitwr
392 2587 502 2623 Owrio
528 2588 755 2622 tribunatum
780 2587 939 2621 nondum
960 2585 1111 2628 adeptus
1130 2583 1277 2627 adepto:
1304 2586 1379 2616 tam
1398 2582 1546 2625 privata
1574 2580 1715 2624 quidem
1739 2580 1861 2623 qratia

170 2635 276 2669 illum
299 2638 341 2669 ‘m
365 2639 493 2670 senatu
517 2636 680 2679 floruisse
710 2634 770 2668 secl
800 2633 951 2677 publica
976 2632 1132 2666 caruisse
1161 2651 1200 2654 —
1227 2630 1388 2664 videlicet
1419 2628 1642 2673 quaestorius
1674 2630 1747 2659 tum.
1773 2629 1860 2667 erat,

170 2682 195 2716 i.
209 2692 236 2716 e.
255 2682 408 2717 habebat
426 2682 567 2726 quidem
586 2683 644 2715 ius
663 2681 857 2715 sententiae
876 2679 1057 2720 dicendae,
1083 2678 1142 2711 secl
1161 2687 1199 2710 eo
1218 2677 1291 2718 fere
1310 2686 1383 2710 mm
1404 2676 1572 2709 utebatur
1591 2674 1648 2717 (es.
1667 2672 1861 2706 Mommsen

173 2727 363 2764 ‘Staatsr.’
391 2729 442 2762 III
462 2740 501 2773 12.
523 2730 605 2772 982)
633 2748 692 2769 -‚
724 2738 830 2771 eoque
859 2726 1059 2760 Ciceronem
1091 2724 1242 2757 multum
1267 2723 1442 2757 adiuvare
1466 2732 1540 2755 non
1566 2721 1735 2764 potuisse.
1773 2719 1861 2752 ‹leli-

170 2778 296 2810 teseere
326 2776 443 2821 ’ἱρέων
473 2776 511 2809 in
552 2775 746 2808 senatuore
778 2774 921 2808 videtur
951 2772 1094 2806 ‘verbum
1126 2770 1274 2813 aliquod
1305 2779 1373 2812 quo
1406 2769 1473 2802 illa
1501 2767 1669 2801 Cio-ionis
1700 2765 1862 2799 condicio

170 2823 464 2868 significabatur,
489 2822 550 2856 sed
575 2822 751 2855 mollitum
775 2820 815 2854 id
840 2820 978 2853 adiecto
1002 2830 1033 2853 v.
1061 2815 1177 2860 quasi.
1205 2817 1283 2859 (aut
1308 2817 1415 2849 etiam
1440 2816 1511 2849 duo
1540 2813 1726 2848 vocabula.-
1761 2823 1783 2844 a
1809 2822 1861 2844 se-

171 2868 252 2903 nati
272 2896 280 2904 .
303 2897 310 2904 .
332 2897 339 2904 .
361 2896 387 2912 .,
412 2873 454 2903 ut
479 2869 631 2912 antiqua
651 2867 805 2912 yenetz'vi
823 2867 941 2908 forma
967 2864 1151 2907 archetypi
1176 2863 1326 2897 librario
1345 2863 1473 2905 fraudi
1492 2861 1617 2903 fueriti
1636 2861 1647 2902 11
1670 2857 1861 2910 19-t¹·-1'=l·l

171 2914 320 2950 tiranno
339 2915 468 2960 publio
489 2914 629 2949 lentulo
646 2915 680 2947 Ω.
698 2915 709 2956 ΙΙ
729 2924 751 2946 a
765 2924 830 2947 om.
846 2913 882 2946 R
901 2914 912 2956 ΙΙ
934 2915 986 2946 12.
1008 2911 1100 2944 utet
1114 2909 1206 2952 MR,
1227 2908 1291 2942 scd
1305 2910 1346 2942 ut
1361 2910 1393 2941 G
1413 2911 1424 2951 ΙΙ
1447 2912 1562 2941 1213.
1579 2907 1697 2939 senati
1718 2904 1861 2957 consul-

170 2962 251 2996 tum
276 2963 336 3006 M,
363 2963 514 2997 senatus
541 2960 750 2996 consultum
777 2960 809 2992 G
837 2960 945 3003 (ills),
972 2958 1067 2991 notis
1091 2957 1263 3001 eaepresm‘t
1289 2956 1325 2989 R
1350 2957 1361 2999 ΙΙ
1389 2959 1439 2988 13,
1467 2965 1540 2996 quai
1566 2953 1664 2994 Mle,
1690 2963 1778 2994 qma
1806 2953 1836 2983 (ι’

170 3009 358 3053 profectus
390 3009 452 3051 M,
489 3008 719 3053 profecturus
753 3006 824 3041 GR
855 3007 866 3049 11
900 3009 951 3039 14.
986 3006 1021 3037 tc
1054 3003 1291 3037 uehementer
1322 3001 1435 3035 etiam
1462 3001 1520 3043 M,
1559 2999 1794 3032 uehementer
1825 3000 1860 3030 t«-

172 3055 287 3090 etiam
313 3056 364 3099 G,
397 3055 634 3090 uehementer
660 3052 839 3098 pei-etiam
865 3052 900 3086 R
925 3054 937 3095 Η
962 3061 1050 3094 rogo
1083 3049 1166 3084 uale
1194 3050 1227 3083 G
1258 3050 1270 3092 ΙΙ
1303 3053 1354 3083 16.
1382 3048 1648 3091 imcripfflmcm
1673 3057 1737 3079 οηι.
1767 3045 1862 3089 (ιἸίΗ

171 3113 209 3136 m
226 3102 341 3144 :celio
367 3103 455 3145 (fuit
474 3101 665 3145 marcelio)
685 3101 731 3134 M
746 3101 758 3143 11
780 3103 831 3133 18.
853 3098 972 3132 dilata
992 3099 1033 3131 nt
1054 3097 1136 3140 GR,
1163 3096 1282 3130 dilata
1308 3096 1345 3129 ct
1364 3095 1408 3129 M
1425 3097 1436 3138 ll
1459 3098 1509 3128 19.
1538 3104 1581 3126 ea
1607 3093 1718 3136 (prael
1746 3103 1861 3134 caque

221 3148 266 3195 G,
292 3160 354 3183 eas
375 3149 411 3184 R
431 3150 442 3193 ΙΙ
463 3152 518 3183 ⁶20.
546 3147 753 3182 mehercule
783 3146 854 3180 GR
879 3148 890 3189 ΙΙ
916 3150 970 3180 20.
997 3148 1052 3178 21.
1079 3146 1379 3186 πολειτικωτερον
1407 3144 1440 3175 Ω.
1466 3142 1594 3184 mulir.
1625 3140 1697 3182 ills)

1532 3199 1581 3230 3*
