2242 3496
751 213 1086 250 El‘is'rthleM
1117 216 1173 250 Ill.
1204 219 1232 250 7.
1784 219 1838 258 59

144 319 407 375 praefectum
436 320 605 360 fabrum
629 335 781 374 meum,
809 322 887 363 tihi
917 324 1086 365 obviam
1116 325 1224 366 misi.
1260 325 1454 367 mandavi
1483 325 1653 379 utrique
1681 340 1839 380 eorum,

142 391 230 444 †ut
262 393 361 432 ante
395 390 445 432 ad
479 405 544 431 me
578 396 868 441 excurrerent,
910 397 958 434 ut
991 395 1070 436 tibi
1111 396 1281 437 obviam
1321 395 1491 450 prodire
1524 410 1710 450 possein:
1752 412 1839 438 cur-

142 476 239 503 rens
272 460 409 516 Lepta
447 460 564 502 venit
603 462 793 516 mihique
833 463 1050 505 nuntiavit
1091 468 1132 506 te
1172 466 1254 507 iani
1290 469 1431 508 castra
1474 469 1839 520 praetergressum

142 547 253 588 esse3
295 532 522 574 confestim
556 532 748 573 Iconium
790 533 901 587 veni:
941 537 1083 575 cetera
1122 536 1205 576 iam
1246 536 1324 577 tihi
1366 540 1469 578 nota
1508 540 1616 578 sunt.
1674 553 1725 578 an
1761 553 1839 590 ego

105 621 122 647 5
143 604 223 646 tibi
257 603 428 645 obviam
462 617 548 644 non
582 603 815 657 prodirem,
858 604 1042 657 primuni
1078 606 1218 660 Appio
1251 607 1447 660 (Vflaudio,
1480 607 1630 649 deinde
1665 608 1839 662 impera-

142 675 240 729 tori,
272 674 422 716 deinde
457 688 572 715 more
608 672 829 727 maiorum,
863 675 1029 730 deinde,
1063 677 1173 730 quod
1208 682 1336 731 eaput
1368 681 1446 731 est,
1480 678 1636 734 amieo,
1669 694 1763 721 euni
1797 679 1838 720 in

140 745 226 787 isto
265 759 419 801 genere
464 744 600 786 multo
640 744 771 785 etiam
810 745 1083 787 ambitiosius
1127 748 1265 789 faeere
1305 749 1486 803 soleam,
1529 765 1658 804 quam
1704 750 1840 791 honos

142 831 261 858 meus
294 819 338 858 et
369 815 560 871 dignitas
587 815 812 869 postulat?
864 816 935 857 sed
963 816 1066 857 haee
1098 817 1325 859 haetenus:
1358 819 1459 860 illud
1490 820 1598 862 idem
1629 821 1842 862 Pausania
1869 835 1886 861 5,

141 887 312 930 dicebat
343 889 385 928 te
417 885 594 928 dixisse:
640 885 834 940 ‘quidni‘?
882 887 1047 941 Appius
1082 888 1283 942 Lentulo,
1316 888 1523 931 Lentulus
1558 891 1714 945 Ampio
1749 907 1841 946 pro·

90 976 124 1001 ιο
143 958 274 1001 cessit
300 958 484 1012 obviam,
512 956 662 1000 Cicero
686 956 827 1012 Appio
848 957 1014 999 noluit.’
1061 974 1230 1014 quaeso,
1258 960 1442 1002 etiamne
1471 965 1516 1002 tu
1545 962 1620 1003 has
1646 962 1842 1017 ineptias,

142 1030 272 1072 homo
293 1044 387 1071 mea
408 1029 624 1071 sententia
649 1043 818 1069 sumnia
845 1029 1083 1084 prudentia,
1111 1030 1246 1071 multa
1273 1031 1401 1071 etiam
1425 1032 1629 1087 doctrina,
1657 1033 1840 1087 plurimo

143 1115 286 1143 rerum
318 1115 411 1155 usu,
443 1100 551 1141 addo
585 1099 896 1154 urbanitatem,
930 1115 1036 1154 quae
1071 1104 1136 1142 est
1169 1100 1323 1152 virtus,
1356 1105 1403 1143 ut
1437 1102 1569 1144 Stoici
1604 1104 1840 1145 rectissime

143 1173 317 1227 putant,
357 1171 490 1213 ullam
528 1170 808 1226 Appietatem
848 1174 922 1212 aut
961 1170 1271 1214 Lentulitatem
1311 1173 1448 1214 valere
1492 1174 1603 1227 apud
1642 1189 1707 1215 me
1746 1176 1841 1229 plus

145 1257 275 1297 quam
314 1246 569 1284 ornamenta
607 1242 780 1284 virtutis
826 1242 1077 1284 existimas?
1133 1258 1229 1285 cum
1270 1259 1319 1285 ea
1357 1248 1610 1286 consecutus
1655 1246 1841 1287 nondum

92 1329 125 1354 15
145 1328 273 1369 eram,
300 1328 408 1369 quae
435 1316 537 1356 sunt
562 1313 787 1356 hominum
814 1313 1090 1367 opinionibus
1119 1314 1396 1369 amplissima,
1424 1318 1564 1356 tamen
1593 1315 1676 1357 ista
1703 1320 1843 1357 vestra

144 1385 320 1427 nomina
350 1400 587 1440 numquam
620 1399 715 1427 sum
749 1384 1005 1439 admiratus,
1039 1385 1151 1426 viros
1185 1400 1275 1439 eos,
1309 1385 1381 1439 qui
1413 1401 1462 1427 ea
1496 1387 1616 1427 vobis
1650 1387 1842 1441 reliquis-

144 1459 258 1510 sent,
303 1471 484 1513 magnos
529 1457 791 1498 arbitrabar:
836 1459 988 1510 postea
1028 1471 1127 1497 vero
1170 1472 1298 1511 quam
1336 1457 1397 1497 ita
1437 1460 1479 1497 et
1518 1458 1607 1511 eepi
1647 1460 1689 1499 et
1728 1458 1841 1512 gessi

144 1527 332 1570 maxima
356 1527 551 1583 imperia,
582 1530 631 1569 ut
663 1527 770 1569 mihi
797 1527 905 1569 nihil
934 1542 1070 1582 neque
1105 1528 1156 1568 ad
1187 1527 1394 1569 honorem
1421 1543 1555 1581 neque
1583 1528 1633 1569 ad
1661 1528 1842 1583 gloria-m

145 1599 454 1654 adquirendum
499 1601 716 1654 putarem,
763 1599 1026 1653 superiorem
1072 1598 1243 1653 quidem
1287 1614 1539 1652 numquam,
1583 1600 1653 1640 sed
1698 1614 1844 1654 parem

92 1685 127 1710 20
147 1670 269 1712 vobis
301 1685 368 1712 me
402 1671 570 1725 speravi
604 1685 695 1712 esse
722 1670 898 1712 factum.
948 1685 1026 1712 nec
1053 1669 1293 1711 mehercule
1327 1669 1450 1711 aliter
1482 1670 1567 1710 vidi
1600 1670 1843 1711 existimare

144 1741 210 1783 vel
237 1739 313 1784 Cn.
334 1741 598 1797 Pompeium,
632 1757 759 1796 quem
787 1741 999 1797 omnibus,
1033 1741 1105 1796 qui
1132 1756 1335 1796 umquam
1366 1740 1552 1795 fuerunt,
1583 1741 1645 1782 vel
1676 1740 1719 1781 l‘.
1742 1740 1844 1781 Len-

145 1812 298 1868 tulum,
332 1827 460 1868 quem
492 1813 600 1855 mihi
632 1813 715 1868 ipsi
749 1815 985 1867 antepono:
1017 1815 1065 1854 tu
1097 1812 1134 1854 si
1167 1812 1292 1853 aliter
1325 1812 1564 1866 existimas,
1597 1811 1701 1852 nihil
1737 1826 1844 1852 erra-

145 1883 230 1939 bis,
270 1884 306 1926 si
337 1884 467 1939 paulo
500 1884 771 1940 diligentius,
809 1887 874 1938 ut,
917 1884 1019 1938 quid
1052 1884 1109 1925 sit
1142 1884 1357 1937 εὐγένεια,
1401 1883 1502 1938 quid
1535 1882 1592 1923 sit
1630 1882 1846 1935 nobilitas,

146 1954 392 2011 intellegas,
430 1955 755 2010 Athenodorus,
795 1954 1006 1997 Sandonis
1048 1954 1179 2009 filius,
1221 1955 1322 2009 quid
1360 1954 1410 1996 de
1449 1954 1516 1995 his
1556 1953 1682 1994 rebus
1721 1952 1846 2006 dieat,

93 2038 128 2066 25
148 2026 402 2068 adtenderis.
460 2026 551 2081 sed,
595 2029 644 2068 ut
681 2026 734 2067 ad
772 2041 862 2068 rem
901 2026 1087 2080 redeam,
1132 2040 1198 2067 me
1238 2025 1317 2066 tibi
1363 2039 1447 2066 non
1486 2024 1669 2066 amicum
1709 2024 1846 2076 modo,

145 2112 294 2139 verum
320 2097 453 2139 etiam
479 2098 790 2139 amicissimum
817 2097 1035 2139 existimes
1064 2097 1208 2138 velim:
1241 2096 1435 2151 profecto
1465 2095 1662 2136 omnibus
1691 2093 1844 2135 officiis

147 2168 254 2210 meis
281 2168 478 2223 efficiam,
514 2171 564 2210 ut
595 2169 658 2210 ita
690 2183 781 2210 esse
811 2183 919 2238 vere·
932 2168 1072 2223 possis
1099 2168 1297 2209 iudicare.
1347 2170 1393 2208 tu
1421 2169 1564 2207 autem
1598 2166 1632 2207 si
1667 2166 1707 2206 id
1741 2164 1845 2220 agis,

266 2325 297 2357 2.
325 2323 367 2356 ut
398 2321 446 2356 ad
478 2333 536 2357 me
572 2322 658 2356 ante
687 2322 720 2357 G
758 2322 769 2365 ΙΙ
808 2321 910 2366 ante]
944 2332 965 2355 a
1000 2322 1035 2355 te
1061 2326 1076 2354 ἱ)
1105 2321 1126 2355 ί.
1147 2331 1173 2354 e.
1205 2324 1393 2364 postquam
1426 2324 1456 2353 te
1491 2319 1582 2353 alter
1614 2322 1690 2352 uter
1727 2328 1843 2351 eorum

145 2370 293 2405 vidisset
335 2370 489 2414 meisque
532 2370 648 2405 verbis
682 2370 882 2404 salutasset.
933 2370 977 2411 cf.
1016 2379 1102 2402 aava.
1142 2368 1233 2412 phil.
1275 2370 1360 2399 1891
1399 2378 1435 2409 p.
1471 2369 1513 2398 70
1551 2366 1561 2408 Η
1598 2363 1845 2407 excurrerent]

146 2417 375 2452 recurrerent
405 2417 574 2459 Ernesti,
613 2416 802 2451 currerent
839 2416 1067 2460 lVesenbergy,
1107 2415 1250 2449 iniuria
1281 2418 1371 2458 puto
1412 2414 1460 2463 ιἠ.
1483 2413 1547 2446 huc
1581 2424 1608 2446 r.
1640 2412 1822 2445 haerentes

148 2467 178 2499 3.
212 2465 250 2498 te
281 2463 375 2510 iam]
408 2463 523 2499 etiam
549 2465 585 2499 R
622 2466 633 2507 ΙΙ
674 2468 703 2497 4.
738 2461 813 2496 iam
846 2464 886 2496 in
916 2464 986 2505 fine
1016 2474 1063 2497 rs.
1103 2474 1168 2496 om.
1202 2462 1238 2496 R
1269 2462 1280 2505 Η
1312 2474 1341 2494 :J.
1376 2459 1608 2510 appui-GR,
1648 2457 1744 2509 apud
1779 2457 1825 2490 M

148 2514 179 2546 6.
207 2512 264 2546 est
288 2507 363 2547 om.⁴
383 2512 416 2547 G
448 2514 459 2555 ΙΙ
491 2522 573 2546 cum
601 2511 689 2554 GR,
722 2522 788 2545 om.
816 2510 868 2543 M.
897 2509 959 2553 qui
987 2510 1196 2554 lVesenbery
1233 2510 1243 2552 Η
1285 2511 1314 2541 9.
1343 2506 1440 2550 quod
1459 2518 1508 2557 *ni
1539 2508 1580 2539 (ι’.
1621 2504 1709 2547 quid
1736 2504 1845 2537 Lam-

148 2559 255 2594 binus
303 2560 315 2603 ΙΙ
363 2558 496 2604 Ampio
538 2559 573 2593 C.
612 2558 657 2592 F.
691 2558 883 2592 Hermann
928 2556 1138 2601 (Philol.11
1171 2557 1335 2600 ]).114),
1381 2564 1490 2597 appio
1532 2552 1638 2591 MR,
1683 2563 1747 2602 ⁰.''‘·
1789 2550 1820 2585 G

150 2609 202 2640 10.
241 2607 283 2640 tu
320 2606 388 2640 has
427 2607 490 2649 M,
534 2607 617 2640 tuas
658 2605 729 2641 GR
760 2606 771 2648 ΙΙ
805 2607 856 2638 11.
896 2604 1004 2639 hoino
1041 2604 1102 2646 M,
1147 2604 1214 2636 aut-
1252 2602 1322 2637 GR
1359 2602 1370 2644 ΙΙ
1408 2611 1507 2633 meas
1553 2599 1753 2632 sententias
1792 2598 1825 2630 „a

147 2652 309 2698 plurima
333 2654 383 2688 M
408 2655 420 2698 ΙΙ
453 2657 505 2688 12.
540 2654 596 2698 ut]
635 2654 672 2687 et
704 2653 746 2685 Ω.
796 2653 838 2686 de
872 2663 907 2687 rc
941 2651 985 2694 ef.
1020 2651 1066 2685 11².
1091 2650 1248 2699 Aiesfeld
1287 2649 1344 2683 ‘de
1376 2649 1468 2682 libro
1500 2646 1583 2689 περὶ
1616 2650 1680 2679 τοῦ
1710 2657 1747 2679 π.
1787 2655 1844 2678 σπ.

148 2696 245 2735 εἶναι
284 2699 421 2736 ἐλεύθ.’
463 2702 548 2736 diss.
591 2700 750 2744 (iottiny.
790 2702 878 2732 1887
914 2710 951 2743 1¹-
979 2702 1022 2731 42
1055 2702 1086 2732 et
1121 2699 1160 2731 Ο.
1188 2696 1344 2730 Ribbeck
1378 2694 1510 2729 Abhdl.
1549 2694 1581 2727 d.
1611 2692 1731 2744 filiolis.
1765 2691 1844 2726 Ges.

147 2748 182 2782 d.
215 2747 322 2784 Wiss.
361 2747 489 2782 XXIII.
532 2751 631 2781 1888.
667 2749 775 2790 1›.47
814 2747 825 2789 ΙΙ
864 2749 916 2779 13.
958 2743 1183 2788 appietateni
1223 2743 1282 2786 M,
1325 2741 1422 2785 apud
1461 2742 1539 2784 (al'JN
1583 2740 1758 2783 pietaten]
1800 2738 1845 2780 R,

149 2795 214 2828 aut
256 2795 437 2839 pietatem
477 2796 509 2830 G
553 2796 564 2838 ΙΙ
610 2797 661 2827 14.
704 2792 867 2826 nondum
906 2792 1008 2834 MG,
1058 2802 1129 2824 non
1167 2790 1203 2824 R
1246 2791 1257 2833 ΙΙ
1303 2792 1354 2822 15.
1402 2799 1500 2821 eram
1547 2788 1603 2829 G,
1648 2787 1753 2818 erant
1798 2785 1846 2826 R,

148 2843 229 2876 erat
266 2843 315 2876 M
340 2844 352 2887 ΙΙ
383 2842 465 2887 ipsa
504 2843 628 2875 vestra
665 2840 701 2875 R
733 2841 744 2883 ΙΙ
778 2843 829 2873 19.
870 2838 1139 2882 adquirendam
1177 2837 1273 2878 MR,
1320 2835 1390 2869 -da
1430 2835 1462 2869 G
1495 2835 1506 2877 Η
1537 2838 1590 2867 21.
1624 2843 1757 2874 gneum
1792 2832 1845 2873 M,

148 2900 257 2924 neum
285 2890 319 2925 G
357 2891 416 2934 (cf.
445 2888 661 2924 B101nmsen²
694 2888 742 2921 ad
771 2898 864 2920 mon.
892 2887 983 2920 Ave.
1020 2898 1055 2928 J).
1083 2887 1177 2927 209),
1206 2882 1304 2918 G.N.
1322 2883 1356 2917 R
1394 2884 1405 2926 ΙΙ
1442 2880 1568 2925 publio
1597 2880 1654 2921 M,
1693 2890 1758 2932 oni.
1787 2879 1819 2931 G

149 2939 204 2970 23.
231 2936 360 2980 paullo
387 2947 407 2974 ς
434 2938 446 2981 11
474 2935 562 2980 quid
591 2934 640 2968 sit
667 2932 843 2968 nobilitas
867 2937 947 2977 post
976 2932 1179 2976 Kleynimn
1204 2931 1270 2965 del.
1299 2931 1391 2964 Boot
1419 2928 1534 2963 βούκ]
1563 2940 1597 2970 p.
1619 2928 1665 2969 8),
1692 2937 1844 2982 mrurm.

150 2983 195 3026 cf.
222 2984 330 3019 inser.
356 2984 474 3019 Pisid.
503 2983 627 3018 Herm.
649 2980 765 3014 XXIII
788 2993 825 3024 μ.
850 2983 917 3013 543
949 2979 1005 3022 (οὐ
1031 2977 1101 3022 γάρ
1126 2990 1183 3012 τοι
1209 2975 1385 3021 πρόγονοι
1412 2974 1475 3009 τὸν
1502 2973 1699 3016 ἐλεύθερον
1721 2971 1846 3030 ’ἀνδρα

149 3027 309 3065 τίθεντι·
332 3059 338 3064 .
361 3059 367 3065 .
392 3059 398 3065 .
422 3059 428 3065 .
457 3029 476 3065 ὃ
503 3028 544 3065 δὲ
570 3028 639 3064 τὰν
666 3027 778 3072 φύσιν
811 3024 960 3071 ἔλλαχεν
987 3024 1142 3067 {askeim
1180 3022 1403 3067 εὐπατρίδας
1428 3027 1537 3066 τῆνος
1562 3020 1625 3054 καὶ
1651 3019 1847 3070 ἐλευθερᾳς

150 3076 301 3121 ἀτρεκές
326 3076 419 3112 ἐντι·
452 3078 530 3122 cet.)
555 3080 587 3112 et
611 3088 642 3111 v.
667 3075 706 3109 Ο.
727 3074 894 3108 Immisch
927 3074 1061 3108 ‘comitr
1089 3072 1271 3107 Rae'bbsckff
1301 3071 1416 3114 (Iie'ps.
1440 3071 1541 3110 1885)
1565 3080 1600 3111 p.
1624 3069 1666 3100 75
1681 3078 1729 3111 sq.
1759 3068 1770 3109 n
1799 3067 1847 3099 sit

150 3134 194 3158 ea*
225 3123 256 3158 si
289 3123 368 3167 Μ’,
401 3129 443 3159 ut
476 3125 545 3160 vicl.
578 3124 590 3167 ΙΙ
621 3126 675 3156 24.
704 3120 776 3167 his]
810 3120 855 3154 iis
884 3121 1092 3165 lVesenbery
1123 3121 1135 3163 ΙΙ
1166 3122 1219 3153 25,
1249 3116 1458 3152 attenderes
1487 3115 1558 3150 GR
1589 3115 1600 3157 ΙΙ
1631 3113 1777 3148 redeam
1804 3124 1847 3147 ω,-

151 3169 282 3205 redeas
308 3171 374 3206 Mc
392 3173 404 3216 ΙΙ
423 3175 478 3205 26.
506 3174 560 3205 27.
588 3169 679 3204 meis
707 3167 838 3203 officiis
867 3168 938 3204 GR
957 3168 968 3212 ΙΙ
988 3170 1042 3201 27.
1070 3168 1194 3201 autem
1222 3165 1313 3208 MR,
1340 3166 1463 3198 tamen
1491 3164 1523 3195 (τ’
