2242 3496
410 145 493 185 174
1007 143 1055 178 Μ.
1082 142 1222 176 TVLLI
1249 141 1501 178 CICERONIS

406 265 446 295 SI
467 264 690 295 BONORVM
710 251 964 292 TvaLIAE
985 260 1325 292 POSSESSIONEM
1348 251 1396 300 Q.
1412 249 1586 293 CAEPIO
1607 264 1819 295 PRAETOR
1845 265 1905 294 Ex
1931 263 2104 296 EDICTO

406 335 492 366 SVO
531 335 634 365 MIHI
673 332 837 373 DEDI‘I',
879 333 1038 375 negare
1083 319 1228 362 aiebat
1267 319 1464 363 Servium
1505 322 1677 364 tabulas
1720 322 1971 365 testamenti
2013 338 2104 365 esse

405 409 496 446 eas,
541 408 646 447 quas
684 390 948 432 instituisset
985 390 1043 446 is,
1088 391 1161 445 qui
1199 391 1432 433 factionem
1474 394 1727 435 testamenti
1763 409 1850 435 non
1886 393 2105 450 habuerit3

403 465 485 506 hoc
516 465 629 505 idem
657 461 834 503 Ofilium
860 461 1020 518 dicere,
1051 464 1194 503 tecum
1227 477 1271 504 se
1303 462 1497 504 locutum
1529 464 1718 519 negabat
1744 478 1896 518 meque
1922 465 2104 520 rogavit,

403 538 451 576 ut
483 549 527 576 se
554 537 597 575 et
624 547 797 574 causam
824 547 946 574 suam
972 532 1055 574 tibi
1082 534 1437 575 commendarem.
1487 549 1565 576 nec
1590 535 1656 576 vir
1681 535 1845 590 melior,
1877 535 1936 576 mi
1961 534 2104 590 Testa,
2139 553 2156 580 5

402 621 479 647 nec
517 605 624 645 mihi
662 602 840 645 amicior
876 603 922 644 P.
956 602 1063 645 Silio
1108 603 1336 658 quisquam
1375 608 1459 659 est,
1506 608 1548 646 te
1587 609 1732 647 tamen
1771 609 1966 660 excepto:
2011 620 2105 662 gra-

401 676 617 717 tissimum
650 674 756 715 mihi
795 674 931 730 igitur
969 674 1140 730 feceris,
1179 675 1215 716 si
1249 675 1300 715 ad
1333 690 1431 716 eum
1467 676 1583 717 ultro
1621 676 1789 718 veneris
1829 675 1950 731 eique
1981 677 2104 731 polli—

402 746 512 787 citus
555 745 655 800 eris,
699 745 790 798 sed,
837 745 873 786 si
911 760 977 786 me
1017 760 1154 800 amas,
1201 760 1330 800 quam
1373 747 1579 800 primum:
1623 747 1704 789 hoc
1746 750 1788 788 te
1829 747 2105 788 vehementer

401 817 532 857 etiam
565 820 694 871 atque
728 817 858 858 etiam
890 831 1010 872 rogo.

1091 924 1230 965 XXII.
1279 923 1417 981 (332.)
2123 945 2157 971 10

943 1017 1155 1081 OIOERO
1190 1017 1483 1060 TREBATIO
1518 1018 1558 1061 s.

517 1112 735 1154 Inluseras
767 1113 860 1154 heri
892 1113 1005 1155 inter
1037 1114 1236 1168 scyphos,
1269 1113 1383 1168 quod
1410 1113 1600 1154 dixeram
1632 1114 1972 1156 controversiam
1998 1129 2102 1170 esse,

398 1185 600 1237 possetne
632 1183 775 1239 heres,
809 1185 923 1239 quod
954 1185 1120 1226 furtum
1151 1188 1280 1226 antea
1311 1184 1475 1226 factum
1508 1187 1640 1239 esset,
1676 1184 1783 1225 furti
1814 1187 1929 1226 recte
1962 1198 2100 1240 agere.

397 1255 563 1309 itaque,
602 1255 684 1296 etsi
717 1255 893 1297 domum
924 1256 1032 1298 bene
1063 1259 1193 1311 potus
1231 1270 1411 1310 seroque
1444 1256 1671 1310 redieram,
1709 1258 1856 1297 tamen
1887 1256 1931 1297 id
1963 1258 2103 1311 caput,

396 1326 471 1367 ubi
503 1326 608 1368 haec
641 1328 936 1369 controversia
969 1330 1046 1383 est,
1080 1327 1229 1369 notavi
1261 1330 1304 1368 et
1336 1327 1599 1382 descriptum
1632 1326 1714 1368 tibi
1746 1327 1858 1382 misi,
1890 1329 1940 1369 ut
1972 1329 2102 1368 scires
2123 1347 2156 1373 15

396 1396 458 1451 id,
491 1398 605 1452 quod
637 1400 685 1439 tu
716 1399 934 1440 neminem
967 1399 1151 1440 sensisse
1185 1399 1379 1453 dicebas,
1413 1397 1506 1440 Sex.
1539 1398 1730 1453 Aelium,
1762 1397 1830 1439 M'.
1864 1398 2103 1453 Manilium,

399 1468 452 1509 M.
487 1468 672 1510 Brutum
705 1470 908 1512 sensisse:
948 1484 1028 1526 ego
1060 1472 1208 1511 tamen
1240 1468 1471 1511 Scaevolae
1504 1473 1547 1511 et
1579 1469 1732 1511 Testae
1766 1469 1994 1511 adsentior.

1105 1600 1265 1643 XXIII.
1311 1598 1391 1657 (7.)

787 1693 1000 1738 CICERO
1037 1694 1077 1738 s.
1111 1695 1162 1737 D.
1195 1695 1252 1737 M.
1285 1694 1467 1737 FADIO
1504 1694 1710 1737 GALLO.

514 1790 700 1832 Tantum
745 1791 860 1844 quod
901 1805 952 1832 ex
993 1790 1194 1845 Arpinati
1235 1805 1454 1841 veneram,
1500 1805 1597 1832 cum
1640 1790 1747 1831 mihi
1786 1805 1810 1831 a
1847 1793 1890 1832 te
1928 1790 2100 1832 litterae
2121 1813 2155 1838 20

397 1863 588 1906 redditae
622 1864 739 1916 sunt,
779 1862 831 1902 ab
872 1862 1106 1916 eodemque
1147 1863 1291 1916 accepi
1324 1862 1483 1903 Aviani
1521 1861 1709 1916 litteras,
1746 1861 1792 1902 in
1830 1860 1987 1916 quibus
2019 1862 2102 1904 hoc

396 1936 536 1976 inerat
568 1932 940 1987 liberalissimum,
981 1933 1158 1974 nomina
1192 1948 1236 1974 se
1267 1933 1504 1987 facturum,
1537 1947 1634 1974 cum
1665 1933 1871 1987 venisset,
1904 1947 1988 1987 qua
2019 1947 2099 1988 ego

398 2006 553 2047 vellem
585 2004 665 2045 die.
726 2004 812 2054 fac,
845 2018 1022 2058 quaeso,
1061 2004 1135 2058 qui
1169 2018 1248 2059 ego
1283 2019 1396 2058 sum,
1436 2018 1528 2045 esse
1560 2006 1621 2045 te:
1666 2007 1785 2044 estne
1819 2007 1894 2045 aut
1925 2004 1991 2045 tui
2021 2018 2100 2058 pu-

396 2077 511 2118 doris
551 2078 626 2117 aut
664 2075 806 2116 nostri
843 2075 1031 2130 primum
1069 2059 1223 2130 rogare
1257 2076 1306 2116 de
1340 2075 1424 2130 die,
1463 2075 1614 2116 deinde
1651 2075 1749 2129 plus
1782 2090 1924 2116 annua
1953 2077 2101 2129 postu-

394 2148 513 2188 lare?
567 2147 641 2188 sed
674 2149 829 2201 essent,
867 2146 927 2187 mi
960 2144 1094 2199 Galle,
1133 2146 1278 2187 omnia
1309 2145 1466 2200 facilia,
1500 2146 1536 2187 si
1568 2149 1611 2186 et
1643 2160 1693 2186 ea
1723 2149 1938 2187 mercatus
1971 2160 2101 2200 esses,
2119 2168 2153 2194 25

398 2233 506 2274 quae
545 2232 625 2273 ego
665 2217 980 2272 desiderabam,
1019 2220 1061 2258 et
1100 2217 1153 2258 ad
1191 2232 1285 2258 eam
1317 2217 1556 2273 {summam,
1596 2231 1725 2271 quam
1761 2217 2000 2273 volueram3
2051 2233 2099 2260 ac

398 2293 545 2331 tamen
575 2290 661 2330 ista
693 2289 800 2343 ipsa,
833 2303 942 2343 quae
969 2293 1011 2329 te
1039 2289 1194 2330 emisse
1221 2288 1387 2343 scribis,
1418 2302 1507 2330 non
1539 2288 1680 2329 solum
1707 2291 1804 2330 rata
1830 2289 1936 2329 mihi
1962 2292 2099 2341 erunt,

398 2361 471 2401 sed
512 2360 643 2401 etiam
686 2362 830 2415 grata,
873 2360 999 2414 plane
1042 2360 1156 2401 enim
1197 2360 1404 2415 intellego
1444 2362 1486 2400 te
1523 2375 1611 2401 non
1652 2360 1778 2401 modo
1821 2360 1984 2415 studio,
2025 2361 2098 2402 sed

397 2432 527 2472 etiam
569 2445 714 2473 amore
753 2446 896 2485 usum,
935 2445 1043 2485 quae
1075 2434 1118 2472 te
1151 2431 1424 2484 delectarint,
1461 2430 1699 2485 hominem,
1735 2433 1785 2471 ut
1817 2445 1897 2486 ego
1930 2446 2098 2486 semper

396 2502 600 2556 iudicavi,
639 2502 684 2543 in
723 2502 840 2543 omni
876 2501 1036 2543 iudicio
1075 2502 1467 2557 elegantissimum,
1505 2517 1613 2556 quae
1646 2517 1713 2543 me
1751 2502 1882 2558 digna
1917 2503 2098 2558 putaris,
2117 2523 2151 2548 30

516 2635 545 2666 1.
574 2630 605 2665 si
627 2660 632 2666 .
650 2660 655 2665 .
673 2660 679 2666 .
702 2634 733 2665 2.
750 2629 869 2676 dedit]
896 2631 941 2674 cf.
972 2631 1039 2666 Ph.
1061 2631 1134 2666 Ed.
1155 2631 1325 2666 Huschke
1354 2631 1522 2666 ‘Studien
1542 2631 1576 2666 d.
1596 2633 1683 2666 rom.
1703 2630 1855 2665 Rechts’
1883 2630 1900 2664 I
1926 2631 2094 2676 (Vratisl.

397 2680 501 2724 1830)
528 2691 566 2723 p.
595 2682 638 2712 10
658 2689 726 2723 sq„
773 2679 812 2712 (J).
843 2679 1062 2724 Brugymcmn
1103 2679 1389 2713 ‘condicionales
1427 2679 1488 2713 ‘ni’
1530 2680 1668 2723 (profi.
1702 2679 1804 2722 Lips.
1839 2681 1945 2722 1887)
1977 2690 2016 2722 p.
2038 2681 2093 2713 11.

396 2726 433 2759 ni
456 2756 461 2761 .
485 2755 490 2760 .
513 2754 519 2760 .
543 2725 688 2760 dederit
713 2726 780 2760 alii
800 2727 810 2770 Η
833 2729 861 2760 1.
883 2725 1036 2760 turbilie
1065 2726 1136 2761 GR
1156 2732 1166 2769 Η
1185 2725 1494 2770 possessionemq'
1520 2726 1649 2770 caepio
1669 2726 1723 2769 M,
1749 2724 2093 2770 possessionemque

397 2773 503 2817 cupio
532 2774 576 2817 G,
602 2772 875 2817 possessionem
901 2785 997 2817 quae
1023 2774 1130 2818 capio
1157 2774 1193 2808 R
1212 2775 1223 2818 Η
1243 2784 1287 2807 ex
1313 2773 1413 2807 dicto
1443 2774 1513 2808 GR
1533 2776 1545 2817 ΙΙ
1564 2777 1595 2808 4.
1624 2772 1790 2819 Ofilium]
1816 2771 1979 2806 officium
1997 2772 2092 2817 MG,

397 2820 554 2854 offitium
586 2821 632 2855 R.
680 2820 845 2854 Offilium
876 2826 909 2855 et
941 2820 1107 2855 Offilium
1146 2822 1223 2856 alii.
1269 2822 1314 2864 cf.
1347 2822 1431 2856 adn.
1468 2822 1546 2856 crit.
1579 2821 1628 2855 acl
1653 2820 1753 2865 XVI,
1779 2823 1841 2864 24,
1869 2823 1887 2852 1
1925 2821 1937 2863 Η
1974 2822 2005 2854 5.
2040 2820 2091 2854 mi

396 2868 493 2901 testa
525 2869 584 2911 M,
623 2879 682 2902 me
718 2869 814 2901 teste
849 2868 920 2903 GR
958 2870 969 2912 Η
1007 2872 1061 2903 12.
1097 2868 1280 2913 schyphos
1312 2869 1362 2902 M
1393 2869 1404 2913 ΙΙ
1443 2871 1497 2902 16.
1530 2867 1607 2913 Μ’]
1639 2879 1687 2902 m.
1721 2869 1764 2901 Ω.
1809 2868 1854 2909 cf.
1881 2867 1924 2900 P.
1946 2866 2094 2912 Kricyer

398 2914 536 2949 ‘(r'esch.
564 2917 596 2949 d.
629 2915 777 2960 Quellen
800 2926 836 2950 u.
863 2916 992 2950 Liti‘er.
1019 2918 1052 2951 cl.
1082 2920 1166 2951 rom.
1193 2916 1337 2950 Rechts’
1362 2928 1400 2960 2).
1423 2918 1572 2960 561117.
1600 2913 1796 2948 scaeuulae
1822 2913 1984 2958 (sceuule
2007 2915 2094 2960 GR)

398 2962 434 2993 et
459 2962 553 2995 teste
579 2964 612 2995 ,Ω
637 2964 648 3006 Η
675 2966 729 2997 19.
757 2961 890 3007 Fadio]
918 2962 1020 2997 fabio
1047 2965 1081 2996 Ω
1106 2966 1116 3008 Η
1143 2967 1197 2998 21.
1226 2962 1354 2997 auiani
1379 2963 1431 3007 R,
1460 2961 1587 2996 aniani
1615 2962 1658 3005 G,
1686 2959 1828 2994 auianii
1854 2961 1908 2996 M.
1948 2962 1990 2996 de
2016 2963 2094 3006 «ipso

395 3008 534 3043 homine
560 3021 590 3044 v.
615 3011 790 3045 Ocerbeck
817 3010 956 3045 ‘Gesclu
983 3011 1017 3044 d.
1043 3022 1095 3055 912
1117 3011 1272 3045 Plastik’
1300 3010 1356 3044 Π3
1376 3022 1415 3054 1).
1437 3013 1505 3043 380
1524 3011 1535 3053 Η
1555 3012 1608 3043 22.
1635 3007 1783 3042 nomine
1813 3008 1855 3052 G,
1883 3008 2007 3043 omnia
2026 3010 2063 3045 R
2081 3011 2094 3057 ΙΙ

397 3059 452 3088 24.
480 3058 535 3089 25.
562 3057 795 3099 postularent
821 3058 855 3090 Ω
880 3058 891 3101 Η
917 3060 972 3092 27.
999 3057 1082 3102 ipsa
1106 3058 1181 3092 ista
1209 3058 1242 3092 G
1261 3060 1273 3102 ΙΙ
1292 3068 1388 3101 quae
1414 3057 1468 3101 M,
1495 3066 1569 3100 qua
1596 3055 1667 3090 GR
1686 3057 1698 3100 ΙΙ
1723 3056 1761 3090 te
1788 3055 1936 3102 emisse]
1965 3059 2003 3092 et
2030 3057 2063 3093 G
2081 3066 2094 3106 η

397 3106 451 3137 27.
480 3106 533 3137 28.
562 3106 667 3138 erunt
687 3109 769 3149 post
794 3106 904 3149 grata
930 3105 961 3140 G
981 3106 993 3150 Ι]
1013 3110 1067 3141 28.
1094 3104 1272 3150 intellego
1300 3106 1353 3140 bis
1377 3115 1443 3140 scr.
1469 3105 1510 3139 in
1535 3104 1584 3138 M

2236 651 2242 718 —n—
2232 503 2242 639 ⁴1A.-.-
2230 453 2242 489 a..
2232 412 2242 442 n.
2239 388 2242 390 .
2223 318 2237 323 j

2215 3196 2242 3218 ’-
2222 3136 2242 3184 vm
