2242 3496
700 167 1036 202 El‘lS'l'YLAltVM
1065 166 1157 201 Vlll.
1190 170 1216 201 l.
1245 170 1276 201 2.
1305 171 1334 201 3.
1784 165 1863 206 187

168 277 335 318 tissima
355 278 420 317 est
440 275 720 329 existimati03
747 290 827 331 ego
849 276 976 319 incidi
1001 278 1040 318 in
1063 276 1375 332 conpetitorem
1396 275 1586 317 nobilem
1613 278 1656 316 et
1677 275 1865 317 nobilem

166 350 378 403 agentem,
410 361 509 388 nain
539 346 594 388 M.
616 346 819 388 Octavius
842 347 915 390 Cn.
938 348 963 389 f,
992 351 1035 388 ct
1057 346 1100 388 C.
1122 346 1278 388 Hirrus
1306 362 1472 388 mecum
1499 346 1617 400 petit.
1662 345 1743 387 hoc
1772 346 1865 387 ideo

166 418 331 474 scripsi,
358 419 470 473 quod
493 418 582 460 scio
605 421 646 460 te
667 419 823 460 acriter
842 422 1019 474 propter
1040 419 1217 460 Hirrum
1243 419 1442 460 nuntium
1470 420 1717 459 nostrorum
1738 417 1866 458 comi-

167 490 323 531 tiorum
365 492 723 543 exspectaturum.
782 493 828 531 tu
863 493 1006 531 tamen
1047 490 1225 531 simulac
1258 505 1324 530 mc
1358 489 1630 545 designatum
1671 488 1868 542 audieris,

131 573 147 598 5
167 563 216 602 ut
254 560 334 601 tibi
368 574 492 601 curae
525 561 600 614 sit,
639 561 751 614 quod
785 560 894 614 (ad)
925 560 1157 614 pantheras
1191 560 1368 616 attinet,
1406 574 1524 615 rogo.
1575 558 1867 614 syngrapham

167 630 399 673 Sittianam
426 631 506 672 tibi
535 631 797 672 commendo.
844 631 1203 673 commentarium
1230 646 1371 673 rerum
1394 632 1655 673 urbanarum
1680 629 1867 684 primum

166 703 262 745 dedi
294 702 338 744 L.
373 701 590 744 Castrinio
624 700 776 756 Paeto,
809 703 1042 744 secundum
1074 702 1129 756 ei,
1163 702 1235 756 qui
1268 702 1345 744 has
1379 703 1548 744 litteras
1582 701 1661 742 tibi
1695 700 1821 742 dedit.

903 813 979 855 ΙΙΙ.
1045 815 1112 856 80.

694 889 948 933 CAELIVS
983 813 1264 933 CiCEizONI
1300 890 1341 932 S.

116 990 148 1014 10
286 975 451 1017 Estne?
496 974 579 1016 vici
611 977 654 1016 et
687 974 768 1015 tibi
802 989 946 1029 saepe,
989 974 1103 1028 quod
1141 988 1323 1029 negaras
1363 975 1582 1016 discedens
1618 977 1867 1016 curaturum

168 1047 268 1102 tibi,
306 1047 476 1088 litteras
515 1046 674 1087 mitto?
726 1047 809 1099 est,
848 1045 883 1086 si
924 1045 1095 1099 quidem
1134 1044 1426 1099 perferuntur,
1466 1061 1570 1100 quas
1611 1046 1674 1087 do.
1738 1048 1867 1099 atque

167 1118 250 1161 hoc
283 1131 363 1173 ego
396 1117 649 1173 diligentius
682 1116 846 1170 factito,
886 1116 1010 1170 quod,
1050 1131 1146 1158 cum
1180 1116 1345 1158 otiosus
1380 1131 1486 1171 sum,
1526 1117 1662 1171 plane,
1695 1117 1769 1157 ubi
1802 1117 1868 1157 de—

167 1190 322 1232 lectem
355 1189 535 1230 otiolum
571 1203 734 1242 meum,
766 1203 854 1229 non
884 1187 1035 1229 habeo.
1097 1190 1145 1229 tu
1178 1202 1275 1229 cum
1308 1186 1470 1228 Romae
1504 1202 1615 1241 eras,
1648 1188 1729 1229 hoc
1762 1187 1867 1228 mihi

169 1263 334 1303 certum
379 1275 428 1303 ac
472 1259 830 1302 iucundissimum
874 1258 1046 1300 vacanti
1090 1258 1315 1313 negotium
1360 1261 1470 1313 erat,
1515 1261 1655 1300 tecum
1700 1258 1743 1300 id
1789 1258 1869 1299 otii

118 1344 150 1369 ¹5
170 1335 339 1388 tempus
378 1347 648 1386 consumere,
686 1331 814 1385 idque
852 1345 940 1372 non
979 1330 1254 1372 mediocriter
1292 1329 1505 1381 desidero,
1549 1332 1597 1370 ut
1638 1330 1743 1371 mihi
1783 1345 1869 1371 non

170 1404 296 1445 modo
337 1404 454 1445 solus
495 1417 607 1457 esse,
652 1402 726 1444 sed
763 1402 927 1443 Romae
966 1404 1008 1443 te
1047 1401 1242 1456 profecto
1282 1401 1470 1442 solitudo
1509 1401 1705 1442 videatur
1741 1400 1868 1454 facta,

169 1477 230 1530 et,
263 1474 355 1529 qui,
388 1489 494 1529 quae
528 1489 623 1515 mea
653 1474 991 1530 neglegentiast,
1024 1474 1185 1515 multos
1216 1487 1340 1527 saepe
1369 1472 1458 1514 dies
1492 1472 1543 1514 ad
1576 1475 1637 1527 te,
1670 1487 1765 1514 cum
1797 1473 1867 1514 hic

169 1561 278 1600 eras,
309 1560 396 1587 non
429 1545 695 1599 accedebam,
726 1560 840 1587 nunc
873 1544 1050 1586 cottidie
1083 1559 1171 1586 non
1202 1558 1294 1585 esse
1321 1546 1376 1598 te,
1409 1544 1461 1585 ad
1495 1558 1621 1598 quem
1654 1543 1869 1598 cursitem,

171 1615 418 1659 discrucior.
482 1616 667 1657 maxime
700 1631 814 1671 vero,
845 1618 895 1657 ut
922 1618 963 1656 te
997 1615 1086 1657 dies
1112 1617 1346 1669 noctesque
1380 1629 1593 1670 quaeram,
1628 1614 1871 1669 conpetitor

116 1688 326 1730 20Hirrus
360 1690 500 1730 curat:
545 1687 760 1742 quomodo
797 1687 920 1728 illum
951 1689 1078 1741 putas
1112 1689 1349 1742 auguratus
1384 1688 1508 1727 tuum
1540 1686 1869 1740 competitorem

169 1760 312 1801 dolere
345 1762 390 1800 et
422 1758 694 1800 dissimulare
734 1773 802 1800 me
841 1758 1071 1800 certiorem
1110 1772 1239 1813 quam
1276 1772 1319 1799 se
1353 1756 1658 1800 candidatum?
1703 1757 1751 1798 de
1786 1772 1870 1811 quo

167 1833 227 1885 ut,
261 1845 388 1884 quem
421 1832 560 1885 optas,
594 1845 723 1884 quam
754 1830 944 1884 primum
975 1829 1176 1871 nuntium
1209 1829 1408 1884 accipias,
1440 1831 1514 1870 tua
1548 1827 1712 1869 medius
1744 1828 1870 1869 fidius

169 1901 308 1957 magis
341 1916 470 1956 quam
503 1916 597 1943 mea
630 1916 758 1943 causa
792 1901 939 1957 cupi03
977 1901 1121 1956 †nam
1154 1915 1267 1956 mea,
1305 1900 1341 1941 si
1373 1892 1449 1954 fio,
1488 1900 1524 1941 si
1555 1899 1740 1941 forsitan
1773 1914 1869 1941 cum

168 1972 452 2027 locupletiore
473 1973 676 2028 referam3
703 1973 776 2015 sed
796 1972 878 2015 hoc
898 1987 1034 2027 usque
1063 1987 1112 2014 eo
1135 1987 1264 2013 suave
1285 1974 1364 2025 est,
1390 1973 1451 2024 ut,
1478 1970 1513 2012 si
1534 1969 1749 2024 acciderit,
1777 1972 1871 2011 tota

115 2055 148 2080 25
168 2044 260 2086 vita
291 2044 403 2086 risus
434 2044 561 2086 nobis
594 2044 714 2086 desse
746 2059 833 2086 non
865 2043 1017 2098 possit.
1079 2043 1169 2084 ‘sed
1202 2040 1359 2084 tanti?
1393 2042 1464 2083 sed
1493 2041 1758 2083 mehercules
1784 2055 1870 2082 non

170 2115 355 2157 multum
386 2114 442 2157 M.
475 2114 680 2158 Octavius
713 2130 862 2158 eorum
895 2115 1005 2170 odia,
1040 2129 1147 2169 quae
1180 2113 1360 2155 Hirrum
1391 2115 1606 2168 premunt,
1639 2127 1746 2166 quae
1778 2127 1868 2166 per-

288 2236 319 2268 1.
346 2232 462 2268 incidi
489 2232 548 2268 G²
579 2233 621 2267 in
650 2244 737 2278 my„
768 2232 886 2267 indici
911 2232 947 2267 R
984 2233 996 2276 ΙΙ
1033 2235 1064 2266 2.
1092 2230 1154 2266 Cn.
1181 2230 1223 2277 f.]
1259 2242 1319 2275 gn.
1351 2229 1450 2265 filius
1477 2231 1512 2264 ,Ω
1548 2231 1559 2274 ΙΙ
1595 2228 1705 2275 petit]
1738 2229 1871 2273 petunt

176 2281 397 2324 lVesenberq.
441 2282 488 2324 ef.
521 2281 659 2315 Becher
692 2292 730 2325 21-
752 2284 796 2314 22
828 2282 840 2325 ΙΙ
871 2283 902 2315 5.
943 2279 992 2314 ad
1028 2290 1094 2314 om.
1130 2280 1164 2312 ,Ω
1189 2280 1200 2323 ΙΙ
1224 2279 1401 2323 panteras
1436 2278 1507 2313 GR
1539 2278 1550 2322 ΙΙ
1582 2275 1868 2321 synagrapham,

170 2338 192 2362 a
218 2339 298 2373 exp.
324 2339 368 2362 m.
397 2331 428 2372 1,
454 2332 496 2362 ut
520 2328 607 2371 vicl„
632 2328 686 2369 M,
714 2327 992 2372 synagrapham
1019 2326 1100 2371 (sin.
1128 2326 1180 2370 R)
1208 2326 1280 2361 GR
1305 2327 1317 2370 Η
1347 2329 1376 2360 7.
1405 2324 1566 2359 castrino
1597 2324 1629 2359 G
1654 2326 1665 2368 ΙΙ
1692 2325 1778 2368 peto
1806 2325 1840 2356 Ω

164 2379 248 2420 post
288 2374 436 2409 litteras
480 2386 552 2410 ras.
592 2378 696 2408 2—3
730 2376 797 2410 litt.
843 2376 883 2409 ‘in
919 2375 990 2418 fine
1026 2386 1075 2409 vs.
1115 2375 1156 2408 in
1193 2373 1243 2407 M
1285 2374 1296 2418 ΙΙ
1346 2372 1464 2418 dedit]
1504 2373 1547 2415 ‘'f-
1586 2372 1691 2416 Bury
1731 2383 1768 2414 p.
1796 2370 1870 2407 65ζ

171 2426 226 2457 10.
260 2421 375 2469 (me)
411 2433 570 2467 negaras
601 2422 816 2458 Lambinus.
864 2423 910 2465 cf.
944 2421 1128 2457 Schmalffl
1169 2420 1510 2465 ‘Spraehfflbrauch
1533 2420 1566 2454 d.
1594 2418 1700 2453 Asin.
1727 2418 1866 2452 Pomo’

165 2481 204 2515 p.
226 2473 271 2503 34
306 2471 318 2514 ΙΙ
356 2473 410 2504 11.
443 2469 515 2504 tibi
546 2481 612 2504 om.
640 2469 676 2504 R
713 2471 724 2514 ΙΙ
763 2470 819 2504 est
845 2469 891 2516 si]
924 2471 962 2503 et
993 2468 1025 2503 si
1050 2470 1085 2503 Ω
1122 2470 1133 2513 Η
1172 2471 1226 2503 12.
1260 2468 1344 2513 ego]
1378 2478 1420 2502 eo
1448 2478 1485 2511 ς,
1525 2477 1592 2511 ego
1621 2464 1719 2512 (eo)
1747 2465 1870 2499 Rusch

171 2517 320 2560 (Philol.
347 2516 465 2551 XXVI
486 2528 525 2562 p.
546 2518 628 2562 359)
665 2518 676 2562 ΙΙ
713 2516 860 2563 factito]
899 2516 1014 2552 facito
1047 2517 1100 2560 M,
1139 2515 1237 2550 facio
1271 2515 1360 2559 GR,
1398 2516 1480 2558 fort.
1519 2518 1610 2548 ‘reete
1646 2515 1657 2557 ΙΙ
1694 2512 1804 2557 plane
1827 2533 1867 2536 —

173 2568 227 2599 13.
254 2563 411 2599 otiolum
442 2576 508 2599 om.
537 2565 609 2600 GR
646 2566 657 2609 ΙΙ
697 2568 749 2600 12.
782 2563 863 2611 ubi]
899 2566 943 2607 cf.
972 2565 1109 2599 Becher
1130 2575 1167 2608 p.
1189 2567 1232 2597 25
1270 2564 1282 2607 ΙΙ
1321 2566 1373 2597 13.
1408 2561 1577 2607 otiolum]
1610 2560 1769 2594 otiosum
1796 2560 1845 2593 M
1867 2558 1870 2577 ¹

173 2615 226 2647 14.
254 2610 409 2656 uaganti
437 2613 471 2645 Ω
502 2613 513 2656 ΙΙ
546 2615 599 2647 15.
626 2613 669 2646 ut
694 2611 802 2658 mihi]
835 2613 873 2646 et
897 2611 989 2646 mihi
1016 2613 1060 2646 Ω.
1099 2612 1141 2646 de
1161 2611 1343 2655 proximis
1371 2611 1483 2644 verbis
1508 2611 1553 2647 cf.
1580 2608 1715 2642 Becher
1736 2619 1772 2651 p.
1795 2610 1840 2640 20

174 2662 228 2694 17.
256 2658 321 2703 qui
346 2660 457 2705 quae]
485 2659 623 2703 quique
648 2661 682 2693 ,Ω
701 2661 712 2704 ΙΙ
731 2670 815 2694 mea
840 2659 943 2694 facta
967 2672 1000 2693 n.
1031 2659 1064 2694 G
1083 2660 1095 2703 ΙΙ
1114 2656 1353 2702 neglegentia
1379 2658 1436 2690 est
1457 2656 1528 2691 GR
1548 2657 1558 2699 ΙΙ
1579 2656 1617 2689 at
1644 2654 1703 2688 llll
1723 2655 1734 2698 Η
1757 2657 1808 2688 18.
1831 2654 1871 2687 at

172 2717 282 2751 quem
308 2706 471 2741 cursiten
490 2707 540 2741 M
543 2706 563 2751 ¹,
589 2718 679 2742 corr.
704 2707 752 2741 M
755 2712 770 2729 e
788 2708 800 2752 ΙΙ
819 2710 874 2741 20.
903 2707 1106 2752 auguratus
1132 2706 1198 2739 del.
1220 2704 1398 2748 Pluyyers
1425 2705 1457 2746 (1
1476 2716 1512 2747 J).
1530 2704 1612 2745 273)
1632 2704 1642 2746 Η
1663 2706 1716 2736 21.
1745 2701 1870 2735 dolere

172 2765 216 2789 επ
236 2753 362 2788 dolore
377 2754 424 2788 M
428 2753 436 2775 ¹
457 2755 468 2799 ΙΙ
488 2753 652 2788 dolorem
678 2753 915 2789 dissimulare
934 2755 989 2790 vel
1008 2753 1131 2788 dolere
1158 2753 1195 2785 et
1221 2750 1437 2784 discruciari
1460 2751 1635 2795 Pluyyers
1660 2750 1693 2793 (2
1712 2760 1748 2792 p.
1766 2749 1846 2793 116)
1859 2748 1870 2793 Α

172 2805 227 2836 23.
259 2812 349 2836 nam
385 2812 487 2845 mea,
525 2801 557 2835 si
594 2801 658 2844 fio,
697 2801 856 2837 forsitan
894 2813 975 2836 cum
1008 2801 1031 2836 1,
1065 2799 1231 2834 deteram
1266 2798 1308 2833 G.
1355 2797 1580 2840 Ii'ieseriteky
1612 2796 1737 2839 (Nike
1769 2796 1810 2830 in
1835 2796 1868 2830 cl.

184 2849 466 2884 Vasemnalerei’
507 2850 591 2884 diss.
625 2849 780 2894 Dorpcct.
809 2852 900 2884 1876
927 2850 1008 2884 thes.
1037 2848 1087 2890 5),
1126 2847 1226 2880 haud
1261 2846 1362 2880 male.
1401 2856 1503 2887 nam,
1544 2843 1574 2876 si
1609 2844 1674 2887 fio,
1713 2841 1871 2877 forsitan

173 2906 256 2930 cum
288 2896 310 2931 1.
344 2896 431 2930 fiam
456 2896 633 2942 Pluyyers
658 2897 692 2941 (1
716 2899 858 2941 12273)
885 2900 918 2931 et
943 2895 1164 2939 H'esenbery.
1210 2897 1362 2927 ceterum
1393 2892 1487 2925 forte
1522 2902 1590 2936 pro
1622 2890 1779 2924 forsitan
1807 2891 1840 2925 G
1868 2891 1871 2910 ¹

173 2946 229 2978 24.
244 2943 301 2990 ut]
323 2943 388 2978 sed
409 2945 443 2977 Ω
461 2945 473 2988 ΙΙ
492 2947 547 2978 25.
570 2944 697 2978 deesse
719 2944 792 2979 GR
811 2945 823 2989 ΙΙ
843 2943 907 2978 sed
928 2941 1024 2976 tanti
1046 2940 1110 2975 sed
1129 2941 1280 2982 serram}
1305 2940 1385 2982 fieri
1405 2943 1521 2974 tamen
1542 2942 1659 2983 potest
1679 2942 1719 2972 ut
1738 2939 1870 2981 fuerit:

175 2989 239 3024 sed
269 2989 391 3025 tanti?
431 2990 559 3038 (est),
592 2991 667 3026 sed.
707 2992 899 3026 voluerunt
924 2990 1141 3023 Manutius.-
1180 2986 1244 3021 sed
1279 2985 1399 3020 tanti?
1438 2986 1510 3029 est,
1549 2985 1777 3030 ll'esenbem:
1814 2986 1872 3020 est

174 3036 294 3071 tanti?
320 3038 386 3080 cst,
414 3038 605 3073 Lehmann
630 3040 684 3083 (1).
706 3040 783 3081 37):
811 3039 868 3072 est
893 3035 1007 3079 tanti3
1035 3036 1072 3069 et
1091 3036 1102 3080 ΙΙ
1121 3045 1178 3069 me
1205 3033 1352 3068 hercule
1376 3033 1446 3068 GR
1465 3034 1476 3077 ΙΙ
1497 3036 1551 3067 26.
1575 3031 1771 3066 Octavium
1793 3061 1798 3067 .
1816 3061 1822 3067 .
1839 3059 1868 3066 ..

174 3095 210 3128 p.
231 3086 310 3128 188,
337 3088 354 3117 1
389 3084 588 3120 sublevant
615 3086 824 3130 Wesenbery
849 3084 1107 3119 sententiarum
1140 3093 1238 3117 nexu
1263 3092 1337 3115 non
1370 3081 1575 3116 intellecto:
1613 3091 1644 3115 v.
1681 3080 1871 3115 Lehmann

177 3130 200 3164 l.
225 3130 259 3165 d.
279 3131 366 3175 1126.
391 3133 533 3179 eorum]
559 3133 606 3176 cf.
631 3133 768 3168 Becher
788 3143 826 3177 Ρ.
848 3136 868 3165 3
