2242 3496
696 125 1030 161 EPIS'PVLARVM
1058 127 1151 161 Vlll.
1180 131 1210 161 6,
1241 131 1269 161 7.
1299 133 1328 161 ὅ.
1778 128 1858 167 193

166 233 350 287 priorem
389 236 555 287 partem
595 233 804 287 epistulae
845 235 1007 288 scripsi.
1071 235 1224 276 amabo
1264 239 1322 288 te,
1365 235 1399 275 si
1439 234 1558 288 quid,
1601 235 1712 288 quod
1753 250 1859 289 opus

164 302 312 353 fuerit,
351 303 493 356 Appio
527 303 679 357 facies,
718 305 867 358 ponito
910 321 974 345 inc
1009 305 1048 345 in
1084 306 1237 359 gratia.
1299 306 1348 346 de
1384 304 1609 346 Dolabella
1643 305 1858 359 integrum

164 372 243 413 tibi
290 388 500 426 reserves,
545 374 723 414 suadeo:
775 379 819 415 et
863 376 961 416 huic
1008 377 1088 429 rvi,
1131 377 1180 417 de
1226 391 1310 430 qua
1354 376 1527 430 loquor,
1572 379 1614 416 et
1655 376 1858 430 dignitati

162 447 259 484 tuae
293 444 609 498 aequitatisque
650 445 840 498 opinioni
881 446 961 486 hoc
995 447 1055 486 ita
1094 447 1230 488 facere
1265 447 1444 501 expedit.
1510 450 1632 500 turpe
1666 446 1746 487 tibi
1779 447 1861 487 erit

128 514 395 568 spantheras
429 514 615 556 Graecas
650 531 715 556 me.
749 530 833 556 non
867 516 1036 557 habere.

874 658 966 699 vn.
1013 657 1151 714 (123.)

692 750 940 793 CAELIVS
975 752 1254 794 CICERONI
1290 753 1327 794 s

277 844 415 894 Quam
455 846 541 887 cito
581 849 628 886 tu
667 846 796 887 istinc
835 847 1034 888 decedere
1077 848 1241 901 cupias,
1279 849 1442 903 nesci03
1481 864 1560 905 ego
1601 850 1772 904 quidem
1811 864 1860 891 eo

160 917 321 972 magis,
366 931 451 971 quo
495 916 632 958 adhuc
676 917 843 959 felicius
885 932 952 959 res
995 918 1192 973 gessisti,
1237 919 1337 959 dum
1379 920 1478 961 istic
1520 921 1623 974 eris,
1668 922 1717 962 de
1759 921 1860 962 belli

110 1002 142 1026 ιο
161 986 354 1029 Parthici
386 987 577 1042 periculo
612 989 847 1042 cruciabor,
879 1004 931 1030 ne
963 989 1076 1031 hunc
1110 990 1246 1031 risum
1274 1006 1415 1031 meum
1443 995 1581 1033 metus
1610 992 1743 1047 aliqui
1770 1007 1856 1046 per-

159 1059 316 1100 turbet.
380 1059 598 1100 breviores
638 1060 715 1100 has
756 1060 925 1101 litteras
964 1061 1213 1115 properanti
1258 1061 1584 1115 publicanorum
1632 1063 1859 1104 tabellario

159 1129 305 1171 subito
344 1129 458 1185 dedi3
501 1133 576 1172 tuo
616 1130 773 1172 liberto
819 1131 1016 1185 pluribus
1056 1132 1197 1173 verbis
1243 1132 1426 1186 scriptas
1468 1132 1603 1187 pridie
1649 1134 1857 1175 dederam.

159 1215 227 1242 res
260 1203 406 1242 autem
443 1216 578 1243 novae
616 1202 758 1243 nullae
799 1217 900 1243 sane
940 1202 1202 1257 acciderunt,
1240 1203 1324 1244 nisi
1362 1203 1466 1244 haec
1499 1203 1562 1245 vis
1595 1205 1676 1245 tibi
1716 1205 1858 1258 scribi,

159 1286 267 1326 quae
312 1275 425 1314 certe
472 1272 557 1313 vis:
609 1271 864 1314 Cornificius
919 1273 1167 1315 adulescens
1214 1273 1443 1315 Orestillae
1488 1274 1619 1316 filiam
1665 1276 1748 1316 sibi
1793 1276 1860 1317 de-

107 1357 138 1381 15
159 1343 353 1398 spondit3
385 1342 519 1384 Paula
545 1343 737 1398 Valeria,
770 1358 892 1385 soror
925 1344 1082 1398 Triari,
1115 1344 1347 1386 divortium
1381 1345 1472 1386 sine
1505 1360 1643 1401 causa,
1675 1362 1758 1401 quo
1791 1347 1858 1387 die

157 1413 222 1455 vir
254 1429 275 1455 e
308 1415 530 1468 provincia
562 1418 766 1456 venturus
800 1419 903 1470 erat,
936 1415 1057 1456 fecit:
1090 1418 1279 1470 nuptura
1311 1419 1378 1457 est
1407 1415 1456 1457 D.
1484 1415 1636 1458 Bruto:
1670 1419 1858 1459 nondum

156 1485 438 1539 †rettuleras.
495 1486 634 1527 multa
660 1486 701 1527 in
730 1487 811 1528 hoc
837 1501 992 1542 genere
1019 1486 1290 1528 incredibilia
1322 1490 1363 1528 te
1397 1488 1574 1529 absente
1602 1489 1855 1530 acciderunt.

157 1555 329 1598 Servius
369 1556 518 1598 Ocella
555 1557 716 1598 nemini
755 1558 1041 1612 persuasisset
1079 1573 1123 1599 se
1162 1558 1388 1600 moechum
1434 1573 1544 1613 esse,
1588 1560 1671 1600 nisi
1716 1560 1857 1601 triduo

157 1627 222 1668 bis
262 1628 496 1683 deprensus
536 1631 661 1670 esset.
725 1643 922 1682 quaeres:
968 1628 1115 1670 ‘ubi‘?'
1154 1629 1286 1682 <ubi>
1324 1629 1521 1671 hercules
1561 1645 1640 1685 ego
1682 1631 1857 1672 minime

103 1712 137 1736 20
158 1699 329 1740 vellem:
366 1699 562 1753 relinquo
601 1699 701 1753 tibi,
742 1700 855 1753 quod
889 1700 942 1740 ab
977 1699 1073 1740 aliis
1107 1714 1305 1755 quaeras3
1343 1716 1480 1756 neque
1514 1701 1627 1742 enim
1659 1701 1858 1756 displicet

156 1769 262 1810 mihi
288 1770 594 1824 imperatorem
622 1770 817 1825 singulos
844 1771 1102 1824 percontari,
1135 1786 1232 1813 cum
1259 1786 1343 1826 qua
1370 1772 1427 1813 sit
1453 1772 1586 1826 aliqui
1612 1773 1857 1826 deprensus.

870 1912 989 1954 vni.
1035 1911 1142 1969 (95.)

688 2006 939 2049 CAELIVS
974 2006 1254 2051 CICERONI
1288 2007 1327 2049 s

269 2102 388 2159 Etsi,
426 2105 476 2145 de
514 2118 559 2145 re
597 2118 635 2157 p.
676 2117 783 2157 quae
821 2102 903 2143 tibi
942 2102 1146 2156 scribam,
1186 2102 1343 2157 habeo,
1388 2106 1534 2144 tamen
1570 2104 1697 2158 nihil,
1741 2105 1853 2158 quod

99 2185 134 2210 25
154 2175 293 2230 magis
326 2176 579 2231 gavisurum
611 2177 653 2215 te
686 2176 846 2227 putem,
879 2172 1018 2214 habeo
1046 2188 1174 2227 quam
1205 2173 1306 2215 hoc:
1340 2174 1449 2216 scito
1478 2174 1523 2216 C.
1552 2174 1854 2229 Sempronium

152 2244 332 2300 Rufum,
369 2246 453 2287 mel
493 2260 541 2287 ac
580 2244 754 2286 delicias
799 2246 915 2295 tuas,
961 2242 1221 2284 calumniam
1266 2245 1452 2286 maximo
1492 2246 1646 2299 plausu
1691 2246 1853 2287 tulisse.

151 2316 381 2370 †quaeris,
425 2332 479 2358 an
518 2316 674 2357 causa?
720 2313 773 2354 M.
801 2313 1025 2367 Tuccium,
1069 2317 1364 2356 accusatorem
1405 2330 1549 2370 suum,
1592 2319 1692 2370 post
1729 2317 1853 2358 ludos

152 2385 370 2428 Romanos
409 2402 529 2428 reum
561 2387 655 2441 lege
688 2384 833 2426 Plotia
865 2385 914 2425 de
948 2385 988 2426 vi
1020 2384 1124 2426 fecit
1156 2385 1238 2427 hoc
1270 2386 1471 2441 consilio,
1517 2388 1629 2442 quod
1668 2387 1853 2441 videbat,

270 2519 302 2550 2.
329 2526 392 2550 me
415 2514 505 2562 (ei)
537 2514 647 2549 Orelli
678 2516 690 2558 Η
721 2513 883 2558 gratiam
911 2526 930 2550 ς
963 2515 974 2558 ΙΙ
1006 2517 1036 2548 4.
1065 2513 1237 2558 opinione
1264 2515 1356 2558 MG,
1393 2527 1491 2549 -nem
1518 2516 1554 2551 R
1590 2517 1602 2560 ΙΙ
1640 2520 1671 2551 5.
1699 2527 1853 2561 graecas

152 2573 210 2596 me
242 2562 304 2606 M,
342 2573 400 2597 ine
437 2572 592 2607 graecas
624 2561 677 2604 R,
715 2572 869 2606 graecas
904 2562 947 2595 G.
999 2560 1196 2604 Cibyratas
1234 2563 1287 2597 vel
1319 2561 1532 2609 Κιβυράτας
1569 2574 1625 2597 me
1662 2563 1790 2598 Orelw
1822 2568 1852 2598 et

151 2609 342 2644 Lehmann
372 2611 516 2655 (1258).
568 2610 613 2649 cf.
642 2609 778 2644 Becher
805 2620 841 2652 p.
867 2612 908 2641 10
939 2610 950 2652 ΙΙ
983 2614 1013 2642 ὅ.
1047 2607 1133 2642 istic
1165 2620 1208 2644 eze
1241 2608 1352 2643 istinc
1385 2610 1433 2643 M
1438 2609 1444 2631 ¹
1483 2612 1494 2655 ΙΙ
1533 2614 1562 2645 9.
1592 2609 1723 2655 gesisti
1752 2611 1845 2646 GR*

153 2660 207 2692 10.
241 2656 378 2701 aliquis
413 2657 484 2693 GR
521 2658 532 2701 11
572 2660 626 2691 11.
658 2655 839 2690 breuioris
874 2656 921 2689 M
953 2657 964 2699 ΙΙ
1003 2658 1055 2689 14.
1091 2655 1365 2690 adulescentior
1397 2657 1508 2700 (adol.
1545 2657 1631 2701 GR)
1670 2660 1727 2692 est
1765 2657 1853 2692 illae

153 2703 231 2748 (isse
259 2704 345 2750 GR)
369 2704 488 2739 filium
513 2705 547 2738 ,Ω
566 2705 578 2748 11
599 2707 652 2738 15.
680 2702 810 2748 paulla
836 2714 856 2740 ς
876 2704 888 2747 ΙΙ
909 2706 962 2736 16.
990 2702 1154 2736 nondum
1175 2703 1267 2746 MR,
1294 2715 1367 2738 non
1392 2705 1543 2738 modum
1571 2705 1603 2739 G
1623 2706 1634 2749 ΙΙ
1656 2709 1709 2740 17.
1736 2707 1852 2739 rettu-

151 2750 248 2786 leras
280 2752 401 2796 (retul.
432 2751 534 2797 GRH
567 2751 784 2785 rettuleram
815 2751 850 2784 (J.
875 2750 921 2784 F.
944 2750 1153 2789 Hermann,
1185 2750 1270 2797 <res
1298 2751 1412 2798 suas>
1446 2753 1499 2787 vel
1531 2751 1712 2798 <dotem>
1738 2753 1851 2786 rettu-

151 2797 248 2833 lerat
273 2799 494 2843 Wesenbery.
539 2799 584 2841 cf.
616 2798 758 2843 Tyri-cll
785 2802 806 2832 r.
836 2798 885 2830 ΠΙ
908 2809 945 2841 p.
970 2800 1033 2830 151
1073 2798 1084 2841 ΙΙ
1123 2800 1176 2832 18.
1211 2797 1375 2844 Servius]
1412 2798 1534 2833 senius
1568 2801 1602 2832 Ω
1639 2801 1650 2843 11
1690 2803 1742 2834 19.
1776 2799 1852 2845 bis]

151 2845 210 2880 uis
236 2846 292 2890 M,
316 2846 380 2881 uix
407 2846 479 2882 GR
510 2848 522 2891 11
554 2845 803 2890 deprehensus
832 2844 904 2878 GR
929 2846 940 2887 ΙΙ
965 2845 1027 2877 all.
1055 2843 1118 2877 ubi
1145 2856 1210 2879 om.
1239 2846 1272 2878 ,Ω
1303 2847 1315 2890 ΙΙ
1347 2849 1401 2879 20.
1429 2846 1545 2881 rolino
1572 2847 1621 2880 M
1646 2848 1658 2891 ΙΙ
1690 2850 1745 2881 21.
1772 2858 1852 2891 per-

153 2892 315 2928 contrari
334 2894 388 2938 M,
415 2892 628 2939 percuntari
650 2893 682 2927 G
702 2893 713 2936 Η
733 2890 877 2935 aliquid
899 2891 931 2925 G
951 2892 963 2935 ΙΙ
983 2890 1232 2935 deprehensus
1259 2894 1357 2927 esset
1382 2894 1426 2936 G,
1454 2893 1703 2938 deprehensus
1730 2895 1786 2928 est
1805 2894 1852 2935 R,

150 2944 299 2985 uterque
325 2946 463 2977 servato
489 2941 539 2975 sit
569 2942 580 2984 Η
612 2943 667 2974 25.
695 2939 764 2973 hoc
791 2937 883 2972 scito
910 2938 970 2980 M,
998 2937 1067 2972 hoc
1094 2937 1144 2971 sit
1170 2938 1262 2973 scito
1289 2940 1341 2983 R,
1369 2940 1437 2974 hoc
1465 2940 1515 2975 sit
1541 2941 1574 2975 G
1606 2942 1617 2985 ΙΙ
1648 2944 1703 2974 26.
1729 2941 1852 2974 rufum

153 2987 207 3021 bis
230 2989 405 3033 scriptum
430 2990 471 3023 in
496 2989 541 3022 M
571 2989 583 3032 l!
615 2991 669 3022 27.
697 2985 846 3030 quaeris
879 2996 925 3018 an
952 2996 1066 3019 causa
1093 2985 1192 3029 MR,
1225 2997 1272 3020 an
1304 2987 1428 3030 queris
1454 2998 1586 3021 causas
1615 2987 1657 3022 G.
1704 2987 1852 3031 quaeris

153 3043 228 3076 qua
257 3033 296 3069 in
328 3046 442 3070 causa
474 3047 512 3079 ς,
545 3046 619 3079 qua
651 3032 799 3078 quaeris
833 3032 871 3065 in
903 3043 1017 3066 eausa
1044 3032 1080 3067 0.
1104 3032 1150 3066 F.
1172 3033 1364 3068 Hermann
1400 3036 1412 3079 ΙΙ
1449 3047 1495 3070 m.
1522 3034 1685 3069 tuccium
1712 3036 1771 3079 M,
1804 3047 1851 3070 m.

152 3079 312 3115 tuctium
337 3083 385 3126 R,
410 3082 569 3117 mutium
597 3082 630 3116 G

224 3143 287 3171 Cic.
307 3153 353 3177 ep.
373 3147 417 3172 ed.
438 3147 721 3173 Meudelssohn.
1527 3144 1569 3174 13

1886 1215 1905 1244 Ν)
