2242 3496
340 553 354 581 1

332 1044 351 1074 ΚΘ

388 139 470 180 238
984 134 1032 170 M.
1059 132 1199 168 TVLLI
1226 131 1477 168 CICERONIS

1071 310 1205 352 XXV.
1253 307 1390 366 (1151)

934 421 1144 464 oicERo
1176 421 1293 463 IMP.
1326 422 1531 465 PAETO.

504 538 726 580 Summum
760 551 826 577 me
859 536 1010 577 ducem
1039 535 1209 576 litterae
1237 537 1335 576 tuae
1363 535 1654 577 reddiderunt:
1685 536 1811 590 plane
1837 538 2080 580 nesciebam

384 614 425 651 te
458 613 546 650 tani
578 608 764 662 peritum
797 621 888 648 esse
922 607 982 647 rei
1016 605 1236 660 militaris3
1270 605 1426 660 Pyrrhi
1459 609 1500 647 te
1533 607 1668 649 libros
1702 610 1745 648 et
1771 606 1926 649 Cineae
1958 609 2080 650 video

383 681 611 721 lectitasse.
674 680 818 732 itaque
852 680 1150 732 optemperare
1183 677 1328 733 cogito
1360 676 1599 731 praeceptis
1632 678 1737 733 tuis,
1768 678 1851 720 11οο
1884 680 2080 735 amplius,

381 750 672 791 navicularum
711 748 869 789 habere
909 748 1070 802 aliquid
1103 749 1147 789 in
1180 763 1255 790 ora
1292 748 1528 789 maritima:
1568 752 1719 790 contra
1758 749 1948 804 equitem
1980 750 2081 792 Par-

381 822 504 861 thum
536 822 699 875 negant
729 819 863 860 ullam
896 822 1160 860 armaturam
1199 820 1420 861 meliorem
1458 819 1642 860 inveniri
1673 834 1810 874 posse.
1873 822 1947 863 sed
1980 821 2080 877 quid

380 890 595 931 ludimus?
637 890 794 944 nescis,
837 904 921 944 quo
955 905 1052 931 cum
1085 890 1347 945 imperatore
1388 890 1469 932 tibi
1507 890 1732 945 negotium
1766 891 1838 932 sit:
1876 892 2081 934 παιδείαν

379 962 551 1015 Κύρου,
590 975 718 1015 quam
751 960 1011 1002 contrieram
1044 961 1244 1016 legendo,
1282 964 1423 1002 totam
1455 962 1500 1003 in
1530 961 1613 1003 hoc
1644 961 1826 1016 imperio
1859 963 2080 1017 explicavi.

380 1034 451 1074 sed
483 1032 723 1074 iocabimur
756 1030 862 1072 alias
896 1046 1059 1086 coram,
1090 1035 1139 1073 ut
1173 1047 1315 1087 spero,
1347 1032 1468 1073 brevi
1500 1035 1711 1087 tempore:
1750 1047 1862 1074 nunc
1894 1033 1994 1075 ades
2027 1034 2079 1075 ad

379 1103 672 1158 imperandum
702 1127 756 1130 —
783 1102 850 1143 vel
884 1103 935 1143 ad
967 1103 1205 1157 parendum
1229 1103 1375 1158 potius
1403 1129 1470 1158 —,
1504 1103 1564 1145 sic
1597 1103 1711 1145 enim
1737 1104 1905 1158 antiqui
1936 1105 2079 1159 loque-

379 1175 548 1215 bantur.
612 1188 708 1215 cum
740 1172 797 1214 M.
830 1172 978 1228 Fadio,
1011 1174 1124 1228 quod
1158 1174 1266 1216 scire
1299 1177 1341 1215 te
1375 1174 1574 1228 arbitror,
1611 1174 1717 1215 mihi
1750 1189 1943 1216 summus
1975 1190 2078 1218 usus

379 1248 456 1299 est,
487 1244 693 1299 valdeque
727 1259 824 1286 eum
856 1244 991 1300 diligo
1025 1260 1122 1286 cum
1154 1248 1333 1300 propter
1365 1260 1577 1286 summam
1608 1245 1874 1299 probitatem
1907 1246 1997 1288 eius
2030 1261 2079 1288 ac

378 1316 641 1371 singularem
673 1315 948 1371 modestiam,
989 1318 1083 1358 tum
1122 1317 1235 1370 quod
1267 1315 1311 1357 in
1345 1316 1405 1357 eis
1439 1316 1761 1371 controversiis,
1801 1331 1908 1371 quas
1939 1317 2078 1359 habeo

378 1402 473 1429 011111
506 1386 592 1428 tuis
626 1386 956 1428 combibonibus
990 1386 1225 1442 Epicuriis,
1267 1387 1431 1441 optima
1470 1402 1601 1441 opera
1633 1387 1724 1428 eius
1755 1387 1822 1428 uti
1855 1388 1983 1431 soleo.
2039 1388 2077 1430 is

379 1473 475 1499 cum
514 1458 565 1499 ad
604 1473 671 1499 me
709 1457 967 1499 Laodiceam
1004 1458 1194 1500 venisset
1233 1473 1484 1513 mecumque
1524 1472 1604 1514 ego
1643 1473 1740 1500 eum
1782 1473 1874 1500 esse
1912 1460 2080 1515 vellem7

377 1531 552 1583 repente
584 1543 814 1582 percussus
848 1532 913 1570 est
945 1530 1232 1572 atrocissimis
1265 1529 1444 1584 litteris,
1477 1529 1521 1570 in
1554 1529 1710 1583 quibus
1744 1530 1954 1584 scriptum
1985 1534 2079 1572 erat

377 1599 556 1640 fundum
600 1599 967 1642 Herculanensem
1008 1616 1033 1641 a
1072 1601 1120 1650 Q.
1153 1600 1288 1642 Fadio
1334 1600 1469 1642 fratre
1513 1600 1806 1655 proscriptum
1849 1615 1959 1656 esse,
2004 1602 2079 1656 qui

378 1670 532 1711 fundus
578 1686 675 1712 cum
719 1686 768 1713 eo
814 1672 1053 1713 communis
1099 1675 1224 1714 esset.
1294 1672 1336 1712 id
1374 1671 1430 1712 M.
1464 1671 1622 1713 Fadius
1663 1671 1932 1727 pergraviter
1975 1673 2078 1715 tulit

378 1741 727 1796 existimavitque
777 1742 953 1784 fratrem
997 1758 1142 1797 suum,
1191 1743 1411 1784 hominem
1454 1757 1541 1784 non
1592 1743 1853 1798 sapientem,
1903 1744 2077 1799 inpulsu

377 1812 652 1853 inimicorum
697 1827 874 1854 suorum
913 1828 962 1855 eo
1000 1828 1282 1870 progressum
1319 1828 1423 1855 esse.
1484 1828 1613 1866 nunc,
1657 1813 1693 1854 si
1731 1828 1798 1854 me
1837 1829 1975 1869 amas,
2018 1815 2078 1856 mi

378 1882 519 1937 Paete,
550 1884 775 1939 negotium
802 1887 945 1926 totum
972 1884 1157 1940 suscipe3
1191 1885 1392 1927 molestia
1418 1884 1600 1926 Fadium
1625 1885 1772 1926 libera.
1818 1886 2078 1928 auctoritate

378 1958 454 1995 tua
489 1955 615 1995 nobis
655 1969 762 2009 opus
801 1958 868 1997 est
899 1958 943 1997 et
975 1956 1155 1998 consilio
1195 1959 1237 1997 et
1276 1956 1406 1997 etiam
1445 1956 1604 2010 gratia:
1646 1956 1736 1997 noli
1773 1957 1867 2010 pati
1904 1957 2076 2012 litigare

377 2025 533 2066 fratres
560 2028 602 2067 et
627 2025 797 2067 iudiciis
833 2026 1034 2081 turpibus
1064 2027 1320 2081 conflictari3
1354 2026 1575 2068 Matonem
1602 2029 1645 2068 et
1670 2026 1912 2069 Pollionem
1939 2027 2078 2069 inimi-

377 2111 449 2137 cos
475 2096 607 2138 habet
632 2096 799 2138 Fadius.
837 2098 938 2152 quid
964 2098 1131 2140 multa?
1156 2113 1244 2140 non
1270 2098 1456 2139 mercule
1481 2100 1571 2139 tam
1596 2098 1861 2152 perscribere
1887 2113 2077 2153 possum,

378 2182 508 2221 quam
546 2167 653 2208 mihi
690 2171 864 2223 gratum
901 2168 1073 2223 feceris,
1115 2169 1151 2210 si
1192 2169 1381 2210 otiosum
1412 2168 1596 2210 Fadium
1630 2168 1880 2210 reddideris:
1920 2169 1964 2210 id
2001 2170 2075 2212 ille

376 2238 420 2278 in
452 2241 495 2280 te
526 2239 718 2292 positum
750 2254 843 2281 esse
875 2242 1002 2294 putat
1034 2240 1226 2294 mihique
1257 2239 1497 2294 persuadet.

495 2404 524 2436 5.
564 2401 634 2436 hoc
672 2402 832 2447 amplius
869 2403 950 2449 cet]
989 2404 1035 2446 cf.
1072 2403 1107 2439 O.
1138 2404 1184 2439 F.
1213 2404 1269 2439 W.
1297 2404 1435 2439 Maller
1472 2404 1521 2439 ad
1556 2403 1628 2439 Cic.
1667 2404 1710 2438 de
1747 2404 1807 2447 off.
1840 2415 1879 2449 p.
1908 2405 1975 2437 186
1994 2404 2075 2450 351.ss

377 2452 407 2484 (3.
437 2453 466 2483 7.
494 2449 658 2493 equitem
682 2450 863 2484 Parthum
889 2451 1079 2495 (phartum
1108 2452 1179 2497 Ψ)]
1213 2452 1258 2494 cf.
1287 2452 1456 2496 Wo'lfflin
1480 2452 1529 2486 asl
1555 2452 1632 2486 bell.
1659 2451 1743 2494 Afr.
1771 2454 1828 2495 61,
1847 2455 1867 2485 2
1893 2451 2074 2496 (frenatus

377 2498 503 2542 eques)
534 2498 545 2541 Η
578 2500 608 2532 9.
636 2497 884 2532 contriueram
910 2510 931 2535 ς
963 2500 973 2543 ΙΙ
1004 2498 1197 2543 implicaui
1224 2499 1268 2532 H
1294 2500 1305 2543 ΙΙ
1339 2502 1391 2533 10.
1421 2502 1475 2533 11.
1503 2498 1552 2532 ad
1577 2498 1851 2544 imperandum]
1878 2498 1965 2534 Sall.
1991 2500 2074 2545 lay.

378 2548 437 2587 62,
465 2547 507 2578 8:
555 2544 659 2578 ‘cum
696 2544 775 2590 ipse
814 2546 862 2579 ad
900 2545 1159 2590 imperandum
1198 2545 1382 2580 Tisidium
1418 2546 1653 2590 vocaretur',
1701 2545 1842 2580 Fronto
1874 2557 1914 2590 1³.
1942 2549 2026 2590 140,
2053 2549 2076 2579 4

378 2592 444 2626 N.:
473 2591 647 2626 ‘latentia
666 2593 808 2637 (verba)
830 2592 1020 2627 eliciemus
1043 2595 1155 2637 atque
1176 2594 1225 2628 ad
1243 2593 1503 2638 imperandum
1523 2592 1816 2638 indagabimus’.
1848 2592 2074 2628 Sallastiano

378 2639 451 2673 loco
475 2640 578 2674 nisus
602 2639 663 2673 vel
689 2640 737 2673 acl
762 2640 969 2684 parendum
993 2640 1117 2685 potius
1143 2643 1250 2676 verba
1269 2642 1334 2676 del.
1359 2641 1464 2676 Cobet
1489 2642 1676 2685 (Mnemos.
1691 2639 1787 2674 VIII.
1811 2643 1912 2675 1880.
1927 2652 1967 2685 p.
1981 2641 2072 2686 190),

376 2687 483 2720 etiam
513 2687 620 2721 verba
652 2686 704 2720 sic
726 2708 766 2711 m
788 2687 935 2731 loqueb.
967 2693 1132 2732 suspecta
1161 2689 1339 2734 Tyrrellio
1377 2691 1388 2733 Η
1427 2692 1480 2722 1⁴2.
1507 2687 1624 2722 Fadio
1653 2688 1782 2731 Orelli,
1813 2687 1915 2722 fabio
1945 2689 1990 2721 Ψ.
2041 2691 2075 2722 et

375 2735 426 2767 sic
446 2744 558 2777 por-ro
588 2736 599 2778 Η
633 2737 685 2768 14.
714 2734 783 2779 eis]
810 2734 856 2768 iis
884 2736 937 2778 M,
964 2735 1022 2769 his
1050 2736 1130 2770 HD
1160 2738 1171 2780 Η
1205 2740 1258 2771 15.
1285 2735 1470 2779 Epicurijs
1497 2736 1640 2779 Baiter,
1675 2734 1747 2768 -ris
1776 2736 1823 2778 Ψ,
1856 2733 1949 2768 -reis
1974 2734 2043 2768 alii
2064 2736 2071 2778 {¹

378 2783 430 2814 16.
464 2780 669 2814 laodiceam
703 2782 761 2825 M,
802 2782 897 2816 -iam
934 2782 1014 2816 HD
1056 2785 1067 2827 Η
1115 2787 1165 2817 18.
1200 2783 1531 2828 Herculanensem]
1570 2783 1615 2825 cf.
1651 2782 1687 2817 O.
1713 2783 1744 2816 Ι.
1771 2782 1816 2816 L.
1848 2781 1882 2814 X
1907 2792 1946 2825 p.
1975 2784 2042 2814 156

378 2830 434 2906 21.l
463 2827 529 2870 mi,
568 2827 580 2861 i
617 2829 658 2863 in
694 2840 764 2864 ras.
799 2829 916 2863 MCH
955 2831 966 2874 Η
1010 2834 1063 2863 24.
1104 2830 1290 2864 iudicibus
1324 2830 1368 2863 H
1406 2832 1417 2875 ΙΙ
1460 2831 1664 2864 mattonem
1699 2828 1744 2862 H
1781 2830 1793 2873 ΙΙ
1836 2831 1891 2862 25.
1930 2828 2071 2862 meher-

377 2884 420 2906 cu
438 2884 456 2907 e
483 2875 563 2909 HD

2101 1048 2134 1072 10

2099 1401 2132 1426 15

2097 1758 2130 1782 20

2096 2111 2129 2137 25
