2242 3496
632 196 967 232 EPISTVLAIIVM
999 197 1070 232 ΧΠ.
1099 201 1154 232 25.
1182 200 1261 231 25¹¹.
1289 200 1343 230 26.
1750 195 1829 235 331

10 280 25 306 i
135 309 399 351 cusationem
434 310 552 348 tuum
585 307 635 348 de
669 305 941 361 Sempronio,
980 322 1116 361 neque
1150 306 1264 347 enim
1296 305 1450 347 statuti
1491 304 1592 358 quid
1632 304 1675 345 111
1715 306 1837 344 tanta

136 378 461 434 perturbatione
494 378 651 419 habere
685 378 878 432 potuisti.

290 475 402 502 nunc
434 461 503 502 hic
536 460 625 502 dies
659 461 788 501 aliam
823 460 954 502 vitam
987 461 1136 515 defert,
1168 460 1275 501 alios
1309 474 1449 500 mores
1481 457 1694 514 postulat,

135 548 185 586 ut
217 544 278 586 ait
308 543 554 598 Tereutius3
593 544 891 598 quamobrem,
935 543 991 584 mi
1026 542 1202 597 Quinte,
1240 542 1475 584 conscende
1513 541 1758 594 nobiscum,
1797 542 1840 580 ct

101 615 308 670 squidem
347 614 399 655 ad
439 614 634 669 puppim:
679 629 764 655 una
807 614 928 655 navis
968 617 1034 655 est
1071 614 1158 655 iam
1202 614 1414 654 bonorum
1457 612 1666 664 omnium,
1711 626 1838 665 quam

138 686 309 740 quidem
341 700 420 727 nos
459 686 607 726 damus
647 700 819 740 operam
860 688 907 726 ut
945 688 1108 726 rectam
1147 688 1386 738 teneamus,
1429 683 1595 725 utinam
1634 697 1839 737 prospero

139 757 285 798 cursu!
343 757 434 810 sed,
473 756 730 810 quicumque.
770 756 884 797 venti
925 759 1068 810 erunt,
1110 771 1179 797 ars
1218 758 1369 796 nostra
1406 758 1519 796 certe
1559 768 1644 795 non
1683 753 1839 805 aberit,

140 826 242 881 quid
275 827 389 868 enim
421 830 640 881 praestare
674 827 790 868 aliud
825 827 960 867 virtus
993 827 1167 881 potest?
1226 829 1273 867 tu
1311 826 1377 867 fac
1418 828 1464 866 ut
1502 839 1658 880 magno
1698 823 1840 865 animo

141 897 200 938 sis
233 900 277 938 et
308 897 474 939 excelso
509 898 758 952 cogitesque
799 912 969 939 omnem
1009 897 1267 952 dignitatem
1310 900 1428 938 tuam
1469 911 1565 937 cum
1597 910 1640 936 re
1675 911 1712 949 p.
1746 910 1842 936 con-

90 990 122 1014 10
142 968 333 1010 iunctam
364 982 456 1009 esse
489 968 653 1009 debere.

809 1050 990 1103 (xxva.
1038 1049 1176 1106 (403.)

648 1155 860 1200 CICERO
895 1156 1234 1199 CORNIFICIO
1269 1155 1338 1210 s>

262 1252 306 1294 P.
347 1251 577 1294 Lucceium
622 1252 730 1293 mihi
774 1267 917 1293 meum
963 1252 1254 1306 commendas,
1306 1267 1450 1306 quem,
1501 1252 1843 1306 quibuscumque
1879 1290 1885 1291 .

144 1324 272 1366 rebus
303 1326 472 1378 potero,
511 1323 743 1378 diligenter
775 1324 943 1365 tuebor.
999 1323 1193 1369 Hirtium
1227 1323 1399 1377 quidem
1432 1326 1476 1363 et
1507 1321 1715 1376 Pansam,
1755 1336 1851 1363 con-

92 1415 125 1440 15
143 1395 264 1451 legas
302 1397 496 1449 nostros,
540 1393 737 1436 homines
776 1394 821 1435 in
859 1394 1087 1436 consulatu
1126 1394 1186 1435 rei
1224 1410 1261 1448 p.
1303 1393 1524 1448 salutaris,
1569 1393 1709 1434 alieno
1748 1401 1850 1434 sane

145 1470 339 1520 tempore
373 1464 611 1520 amisimus,
642 1480 686 1506 re
718 1481 757 1520 p.
792 1465 1041 1507 Antoniano
1076 1465 1249 1519 quidem
1280 1465 1511 1506 latrocinio
1543 1463 1741 1518 liberata,
1777 1463 1850 1504 sed

144 1537 336 1579 nondum
369 1536 544 1578 omnino
578 1537 812 1591 explicata,
844 1551 972 1591 quam
1004 1551 1095 1590 nos,
1128 1536 1165 1577 si
1194 1536 1356 1591 licebit,
1390 1550 1506 1576 more
1539 1538 1689 1576 nostro
1717 1535 1853 1576 tuebi-

146 1623 254 1662 mur,
286 1622 550 1662 quamquam
577 1608 807 1649 admodum
835 1622 982 1649 sumus
1010 1607 1095 1648 iam
1123 1606 1367 1662 defetigati3
1399 1606 1471 1647 sed
1497 1605 1617 1647 nulla
1643 1605 1853 1647 lassitudo

147 1678 355 1734 impedire
388 1677 579 1720 officium
619 1681 661 1720 et
692 1678 820 1720 fidem
859 1679 996 1720 debet.
1059 1693 1209 1720 verum
1246 1678 1352 1719 haec
1388 1677 1617 1718 hactenus:
1663 1676 1716 1717 ab
1755 1676 1852 1718 aliis

95 1772 130 1795 «ω
150 1753 193 1791 te
225 1750 275 1791 de
307 1764 375 1790 me
409 1745 536 1804 quam
571 1764 595 1790 a
628 1764 695 1790 me
728 1750 823 1804 ipso
857 1749 971 1790 malo
1004 1762 1277 1803 cognoscere.
1334 1748 1384 1789 de
1418 1750 1460 1789 te
1487 1747 1766 1788 audiebamus
1794 1763 1854 1802 ea,

149 1835 257 1875 quae
289 1819 475 1861 maxime
502 1819 720 1862 vellemus.
771 1820 821 1861 de
849 1818 924 1861 Cn.
950 1818 1153 1873 Minucio,
1181 1834 1307 1874 quem
1334 1821 1382 1860 tu
1409 1819 1668 1873 quibusdam
1694 1818 1854 1859 litteris

148 1891 199 1932 ad
232 1891 400 1932 caelum
430 1889 630 1932 laudibus
664 1890 877 1945 extulisti,
915 1905 1110 1932 rumores
1150 1889 1344 1932 duriores
1377 1892 1517 1931 erant:
1562 1889 1604 1930 id
1637 1889 1763 1944 quale
1798 1889 1855 1930 sit

149 1962 408 2016 omninoque
443 1962 544 2017 quid
575 1962 675 2004 istic
708 1965 864 2018 agatur
895 1961 1029 2004 facias
1063 1976 1130 2003 me
1163 1961 1292 2003 velim
1329 1961 1570 2003 certiorem.

830 2103 988 2145 XXVI.
1033 2102 1171 2160 (363.)

27 2218 32 2222 ·
97 2232 130 2256 25
643 2210 886 2265 <CICERO
922 2208 1264 2253 CORNIFICIO
1300 2208 1370 2262 s>

269 2317 316 2368 Q.
343 2318 514 2373 Turius,
546 2319 619 2372 qui
652 2318 696 2359 in
724 2317 872 2359 Africa
903 2317 1151 2372 negotiatus
1184 2320 1262 2370 est,
1295 2315 1361 2358 vir
1391 2316 1530 2357 bonus
1564 2319 1608 2357 et
1634 2316 1856 2370 honestus,

150 2390 329 2432 heredes
355 2388 458 2431 fecit
485 2389 649 2431 similes
676 2389 754 2443 sui,
783 2387 857 2430 Cn.
881 2387 1176 2442 Saturninum,
1205 2387 1298 2429 Sex.
1325 2387 1555 2441 Aufidium,
1581 2386 1625 2428 C.
1646 2386 1856 2440 Anneum,

153 2460 201 2510 Q.
229 2459 482 2503 Considium
516 2459 710 2514 Gallum,
754 2459 799 2502 L.
833 2459 1062 2515 Servilium
1098 2459 1370 2514 Postumum,
1413 2458 1457 2500 C.
1491 2457 1761 2499 Rubellium:
1807 2472 1857 2498 ex

153 2545 302 2572 eorum
334 2530 528 2572 oratione
559 2530 751 2572 intellexi
784 2530 1025 2586 gratiarum
1066 2530 1236 2572 actione
1275 2544 1347 2571 eos
1387 2528 1526 2585 magis
1565 2542 1690 2584 egere
1729 2542 1858 2582 quam

100 2618 134 2643 30
154 2600 545 2656 commendatione,
589 2604 711 2643 tanta
749 2601 863 2643 enim
899 2601 1163 2642 liberalitate
1203 2615 1248 2642 se
1285 2603 1360 2642 tua
1400 2615 1502 2642 usos
1539 2599 1858 2654 praedicabant,

272 2734 303 2765 3
331 2729 452 2764 defert
471 2710 611 2771 (differt
630 2729 674 2763 H
679 2729 706 2774 )]
735 2728 858 2764 adfert
877 2729 978 2765 codd.
1003 2728 1162 2764 Terentii
1181 2728 1313 2772 (Andr.
1338 2730 1430 2771 189),
1457 2732 1547 2763 recte
1567 2727 1689 2772 (ctiA.
1706 2727 1860 2771 Spenqez

152 2778 206 2813 ed.
227 2777 394 2812 Andriae
419 2780 565 2811 (1.1875
588 2789 625 2821 p.
649 2778 747 2822 151),
782 2788 849 2812 nec
875 2781 993 2811 tamen
1020 2775 1220 2811 Ciceronem
1248 2776 1353 2810 illinc
1385 2776 1561 2820 coo-riqere
1593 2776 1674 2809 licet
1710 2776 1722 2818 ΙΙ
1760 2778 1791 2808 4.
1818 2775 1861 2808 ut

155 2824 211 2860 ait
234 2823 429 2860 Terentius
455 2828 623 2868 suspecta
650 2824 783 2859 Orellio
802 2825 814 2868 ΙΙ
834 2828 864 2858 4.
893 2827 923 2858 5.
951 2824 990 2857 et
1014 2822 1166 2867 quidem
1186 2822 1240 2866 M,
1267 2821 1443 2866 equidem
1467 2813 1549 2856 HD
1566 2823 1578 2866 ΙΙ
1598 2825 1629 2856 6.
1656 2823 1699 2855 ut
1718 2822 1858 2856 lectam

154 2872 364 2918 teneamus]
386 2873 431 2915 cf.
450 2871 565 2907 Otto‘
570 2871 742 2916 S'prichw.
763 2871 797 2906 cI.
820 2871 880 2906 R)
902 2883 937 2915 p.
960 2873 1003 2904 85
1022 2872 1034 2915 ΙΙ
1057 2873 1108 2904 11.
1135 2882 1267 2905 novam
1285 2870 1477 2914 epistulam
1496 2870 1655 2914 incipere
1677 2868 1861 2904 Corradus

155 2924 189 2955 et
219 2919 416 2954 Manutzus
450 2919 620 2954 viderunt
656 2919 667 2962 ΙΙ
706 2921 760 2953 13.
792 2917 1007 2959 Lucceium]
1040 2916 1202 2951 luceium
1232 2917 1292 2960 M,
1337 2916 1493 2951 luctium
1526 2916 1582 2960 H,
1626 2915 1762 2950 lutium
1793 2915 1832 2950 D

157 2970 212 3002 16,
239 2966 432 3001 amisimus
458 2976 495 3000 re
522 2965 574 3011 p.]
603 2965 712 3000 amici
739 2965 853 2999 simus
879 2976 955 3009 rep.
983 2964 1037 3007 Μ,
1065 2963 1311 2999 amicissimos
1338 2976 1365 2998 r.
1392 2975 1426 3008 p
1455 2963 1561 3008 (reip.
1587 2963 1640 3008 D)
1667 2963 1860 3007 1113111111-

156 3012 260 3048 tom‘o
287 3013 326 3048 H
345 3015 357 3058 ΙΙ
385 3017 438 3048 18.
467 3012 666 3057 defatigati
693 3012 773 3047 HD
803 3014 814 3057 Η
846 3015 900 3047 21.
929 3012 974 3046 de
1001 3023 1029 3047 c.
1051 3023 1084 3047 11.
1112 3011 1161 3046 M
1186 3013 1197 3056 ΙΙ
1229 3015 1284 3046 27
1313 3010 1546 3046 saturninum
1571 3011 1625 3054 M,
1653 3009 1860 3045 saturnium

158 3060 239 3095 HD
256 3062 268 3105 ΙΙ
287 3071 448 3095 anneum
478 3060 730 3104 ²11‚anneium
758 3071 789 3097 ς.
834 3061 879 3102 cf.
901 3059 1042 3094 Εἱίεοῖιῐ
1067 3070 1188 3104 opusc.
1214 3058 1264 3093 IV
1286 3070 1323 3103 p.
1346 3062 1413 3093 262
1425 3070 1475 3103 sq.
1507 3059 1519 3102 11
1550 3060 1605 3092 28.
1632 3057 1670 3092 L.
1698 3069 1764 3093 om.
1791 3058 1854 3092 Η1

158 3106 388 3160 Rubellium]
415 3089 641 3142 rubellinum
666 3106 891 3142 (rubelinum
918 3106 970 3140 DI
1002 3108 1067 3150 ΨΙΙ
1092 3110 1146 3140 30.
1174 3105 1403 3140 liberalitate
1430 3106 1485 3150 sel
1512 3103 1782 3140 liberalitatest
1807 3105 1860 3149 M,

159 3153 390 3190 liberalitate
416 3165 496 3190 esse
523 3155 614 3199 HD,
640 3156 735 3200 quod
759 3155 873 3200 recipi
893 3158 1010 3199 potest
