2242 3496
588 206 921 243 EPISTVLARVM
950 209 1007 244 Vl.
1041 214 1090 244 ιτ».
1123 215 1172 245 ιῡ.
1204 215 1255 245 17.
1286 215 1336 245 13.
1733 214 1807 254 151

122 328 250 369 quare
291 314 401 354 bono
440 315 582 355 animo
623 316 710 357 siut
741 319 784 357 et
818 316 880 357 tui
913 321 956 358 et
988 318 1069 359 mei
1103 318 1356 374 familiarcs3
1393 334 1530 374 neque
1569 321 1681 362 enim
1720 326 1814 364 erat

117 383 351 438 ferendum,
384 399 492 438 cum,
525 386 596 439 qui
624 386 748 427 hodie
778 387 1096 442 haruspicinam
1124 389 1325 445 facerent,
1357 391 1401 432 in
1427 394 1622 432 senatum
1652 392 1812 435 Romae

117 454 380 509 legerentur,
418 470 508 508 eos,
547 457 619 511 qui
654 457 883 511 aliquando
923 460 1197 513 praeconium
1230 461 1451 515 fecissent,
1490 462 1534 502 in
1566 463 1811 517 municipiis

115 525 365 567 decuriones
399 541 490 568 esse
517 542 602 567 non
631 527 769 569 licere.
819 528 869 569 de
896 529 1118 584 Hispaniis
1151 532 1249 572 novi
1277 532 1401 573 nihil:
1437 546 1638 588 inagnum
1667 536 1811 576 tamen
1838 546 1857 576 2

79 596 350 638 aexercitum
375 596 629 651 Pompeium
662 598 818 640 habere
846 603 1027 655 constat,
1059 616 1158 642 nam
1186 601 1342 644 Caesar
1376 603 1465 657 ipsc
1499 604 1549 644 ad
1583 618 1659 645 nos
1693 604 1812 646 misit

113 667 356 722 exemplum
388 667 581 710 Paciaeci
622 669 888 725 litterarum,
930 671 971 711 in
1006 686 1089 725 quo
1123 677 1215 714 erat
1255 673 1351 714 illas
1384 673 1443 714 XI
1477 688 1569 716 esse
1601 675 1811 730 legiones;

113 737 344 793 scripserat
371 737 501 780 etiam
529 738 733 781 Messalla
759 739 806 789 Q.
835 740 1006 783 Salasso
1032 741 1078 783 P.
1106 740 1314 798 Curtium,
1347 744 1524 786 fratrem
1557 745 1659 801 eius,
1691 746 1810 788 iussu

111 808 309 864 Pompeii
350 809 621 864 inspectante
663 812 854 853 exercitu
892 812 1188 868 interfectum,
1231 815 1343 868 quod
1385 816 1676 858 consensisset
1712 832 1810 859 cum

0 933 3 938 .
110 879 318 936 Hispanis
363 880 643 935 quibusdam,
696 882 732 923 si
775 882 819 923 in
865 883 1069 937 oppidum
1119 884 1263 927 nescio
1315 887 1429 940 quod
1473 886 1704 941 Pompeius
1748 888 1810 930 rei

0 947 6 983 ζ
60 967 92 992 ιο
111 951 418 994 frumentariae
457 966 586 994 causa
623 953 829 1008 venisset,
874 968 971 995 eum
1010 956 1367 1009 comprehendere
1406 957 1457 998 ad
1497 956 1809 1013 Caesaremque

109 1022 328 1065 deducere.
386 1023 437 1065 de
469 1025 545 1064 tuo
577 1023 765 1079 negotio,
799 1025 911 1078 quod
945 1039 1128 1078 sponsor
1160 1040 1203 1067 es
1235 1039 1313 1080 pro
1347 1027 1566 1082 Pompeio,
1598 1029 1635 1070 si
1669 1028 1808 1071 Galba
1835 1042 1854 1072 3

109 1107 375 1148 consponsor
406 1096 507 1136 tuus
540 1094 730 1149 redierit,
762 1094 889 1136 homo
923 1095 967 1136 in
1000 1110 1044 1137 re
1076 1095 1281 1138 familiari
1313 1112 1399 1139 non
1430 1113 1582 1152 parum
1612 1099 1808 1156 diligens,

106 1179 195 1207 non
225 1164 418 1206 desinam
451 1179 547 1216 cum
579 1165 655 1207 illo
689 1166 1023 1221 communicare,
1065 1167 1099 1208 si
1139 1168 1240 1222 quid
1280 1170 1467 1223 expediri
1498 1169 1656 1224 possit,
1695 1171 1807 1225 quod

107 1234 334 1277 videbatur
370 1235 477 1277 mihi
515 1236 589 1277 ille
628 1236 850 1278 confidere.
915 1237 1173 1279 ‘oratorem'
1213 1254 1355 1280 meum
1393 1243 1515 1282 tanto
1549 1255 1675 1295 opere
1709 1256 1732 1282 a
1765 1245 1807 1284 te
1833 1253 1854 1284 4

54 1322 88 1347 15
106 1305 282 1360 probari
313 1307 589 1349 vehementer
620 1307 806 1363 gaudeo,
847 1307 954 1349 mihi
987 1308 1160 1362 quidem
1194 1309 1253 1351 sic
1286 1311 1540 1365 persuadeo,
1579 1326 1663 1367 me,
1695 1312 1808 1367 quic-

107 1376 210 1431 quid
241 1377 466 1419 habuerim
503 1377 651 1420 iudicii
683 1378 732 1419 de
766 1378 962 1432 dicendo,
1003 1378 1047 1420 in
1085 1379 1208 1421 illum
1246 1380 1405 1421 librum
1444 1382 1694 1424 contulisse:
1734 1384 1807 1438 qui

106 1447 143 1489 si
181 1451 247 1490 est
283 1449 402 1504 talis,
444 1449 615 1504 qualem
653 1448 735 1490 tibi
774 1449 907 1490 videri
947 1449 1118 1505 scribis,
1162 1465 1242 1506 ego
1283 1466 1451 1507 quoque
1492 1452 1653 1506 aliquid
1693 1468 1805 1510 sum3

105 1518 172 1561 sin
204 1518 348 1576 aliter,
384 1534 472 1562 non
504 1534 674 1574 recuso,
713 1520 834 1575 quin,
868 1523 1077 1574 quantum
1109 1521 1159 1562 de
1192 1522 1268 1562 illo
1300 1522 1431 1576 libro,
1469 1524 1723 1565 tantundem
1755 1525 1805 1566 de

104 1589 189 1631 mei
220 1590 369 1633 iudicii
399 1590 517 1632 fama
555 1591 818 1633 detrahatur.
875 1590 1058 1646 Leptam
1088 1595 1287 1634 nostrum
1321 1593 1445 1647 cupio
1483 1594 1686 1636 delectari
1719 1595 1805 1637 iam

51 1677 86 1703 20
106 1660 266 1703 talibus
293 1661 486 1716 scriptis:
519 1662 602 1704 etsi
634 1663 757 1704 abest
791 1662 1019 1704 maturitas
1053 1663 1221 1718 aetatis,
1253 1666 1398 1705 tamen
1429 1679 1656 1719 personare
1689 1667 1804 1708 auris

104 1731 195 1774 eius
226 1732 474 1775 huiusmodi
506 1733 684 1775 vocibus
716 1748 803 1775 non
835 1736 902 1775 est
933 1734 1099 1776 inutile.
1161 1749 1228 1775 me
1261 1734 1424 1777 Romae
1456 1737 1596 1778 tenuit
1628 1738 1800 1779 omnino
1829 1749 1848 1780 5

102 1802 269 1845 Tulliae
300 1819 420 1846 meae
446 1807 616 1859 partus,
650 1805 735 1860 sed,
768 1820 865 1847 cum
891 1820 953 1859 ea,
986 1805 1345 1860 quemadmodum
1371 1821 1509 1861 spero,
1542 1807 1647 1849 satis
1679 1808 1803 1850 firma

103 1874 174 1930 sit,
204 1877 355 1918 teneor
385 1878 542 1931 tamen,
575 1876 677 1918 dum
703 1892 728 1918 a
754 1876 1006 1919 Dolabellae
1038 1877 1391 1932 procuratoribus
1418 1878 1586 1934 exigam
1618 1879 1803 1933 primam

101 1946 370 2001 pensionem,
402 1949 445 1988 et
476 1947 663 1989 mercule
694 1962 782 1990 non
814 1951 905 1990 tam
938 1963 1033 1990 sum
1065 1949 1363 2003 peregrinator
1394 1949 1498 2004 iam,
1537 1964 1665 2004 quam
1697 1950 1802 1992 sole-

48 2031 82 2058 25
101 2016 218 2058 bam:
261 2016 456 2060 aedificia
493 2033 590 2060 mea
627 2033 694 2060 me
727 2018 944 2061 delectant
975 2023 1019 2061 et
1051 2020 1205 2061 otium:
1243 2020 1394 2061 domus
1428 2023 1511 2075 est,
1550 2035 1657 2075 quae
1694 2021 1801 2062 nulli

101 2102 293 2130 mearum
331 2088 533 2130 villarum
571 2090 712 2143 cedat,
758 2090 896 2132 otium
934 2091 1050 2133 omni
1095 2091 1389 2133 desertissima
1432 2092 1606 2147 regione
1651 2092 1800 2133 maius.

99 2159 245 2214 itaque
282 2173 336 2201 ne
373 2159 546 2202 litterae
585 2161 757 2216 quidem
796 2176 915 2203 meae
957 2161 1267 2216 impediuntur,
1307 2162 1351 2203 in
1391 2162 1546 2216 quibus
1585 2162 1675 2204 sine
1713 2162 1800 2204 ulla

98 2229 446 2286 interpellatione
483 2246 650 2287 versor,
691 2246 840 2287 quare,
878 2235 927 2273 ut
965 2232 1170 2286 arbitror,
1207 2232 1327 2286 prius
1359 2232 1429 2274 hic
1461 2236 1503 2274 tc
1535 2248 1632 2288 nos,
1671 2248 1798 2288 quam

99 2301 199 2343 istic
230 2303 278 2343 tu
304 2315 384 2344 nos
410 2302 588 2344 videbis.
638 2302 772 2358 Lepta
802 2303 1083 2344 suavissimus
1111 2302 1274 2344 ediscat
1300 2302 1536 2345 Hesiodum
1569 2306 1612 2345 et
1642 2303 1799 2346 habeat

46 2386 81 2412 ao
100 2371 145 2413 in
177 2386 250 2414 ore
281 2378 358 2427 τῆς
389 2368 430 2415 δ’
465 2372 619 2428 ἀρετῆς
650 2374 813 2428 ἱδρῶτα
845 2376 888 2415 et
919 2376 1072 2416 cetera.

218 2552 249 2582 2.
282 2549 453 2582 senatum
484 2548 707 2591 Lambinus,
742 2550 873 2583 senatu
905 2549 939 2582 Ω,
975 2549 986 2591 11
1024 2551 1055 2582 5.
1088 2558 1154 2581 nos
1188 2548 1276 2591 GR,
1310 2558 1374 2581 uos
1407 2548 1467 2591 M,
1504 2559 1587 2582 suos
1619 2548 1796 2584 Bz'icleelcr

99 2596 202 2639 (mus.
229 2595 345 2630 Rheae.
373 2595 422 2629 XI
442 2607 481 2640 p.
503 2597 604 2639 520),
635 2597 788 2640 speciose
824 2598 835 2640 ΙΙ
873 2600 903 2630 6.
936 2594 1099 2639 paciaeti
1131 2595 1182 2637 R,
1215 2594 1407 2639 pacificar,
1439 2596 1527 2628 ficar
1552 2607 1575 2629 (ι
1602 2607 1643 2630 m.
1672 2600 1704 2638 2,
1732 2596 1765 2631 G
1783 2596 1795 2642 13

98 2640 200 2688 illas]
227 2641 284 2676 illi
309 2643 378 2677 alii
409 2643 420 2687 ΙΙ
453 2647 483 2678 7.
512 2642 654 2677 salasso
682 2643 779 2686 MR,
813 2641 989 2676 salustius
1018 2642 1052 2677 G
1082 2644 1093 2685 Η
1124 2640 1201 2675 cius
1229 2642 1288 2684 M,
1325 2654 1389 2676 om.
1419 2642 1490 2677 GR
1521 2644 1532 2686 ΙΙ
1565 2646 1594 2676 7.
1623 2645 1653 2676 8
1681 2641 1792 2677 inter-

98 2689 235 2724 fectum
266 2688 369 2724 iussu
402 2689 566 2735 pompeii
601 2671 833 2734 inspectante
869 2688 1031 2724 exercitu
1060 2690 1093 2722 (r
1123 2689 1134 2732 ΙΙ
1168 2692 1220 2723 11.
1254 2688 1437 2723 adducere
1465 2690 1498 2724 G
1529 2691 1540 2732 ΙΙ
1572 2689 1616 2723 dc
1647 2691 1711 2723 tuo
1738 2690 1792 2734 M,

97 2737 162 2771 tuo
189 2736 261 2773 GR
286 2739 298 2781 ss
321 2747 389 2782 pro
413 2748 478 2772 om
506 2738 543 2772 R
567 2738 579 2781 ΙΙ
608 2741 660 2772 14.
688 2748 810 2772 meum
835 2737 1120 2780 01›1.Gllopc1·e
1146 2747 1211 2770 om.
1241 2735 1274 2770 G
1299 2738 1310 2778 11
1337 2735 1654 2779 18.tantundcn1‚
1680 2737 1741 2771 alt.
1768 2749 1792 2771 n

99 2785 139 2818 in
168 2795 239 2819 ras.
271 2795 316 2820 ea:
349 2795 404 2827 m,
442 2784 490 2818 M
519 2786 555 2828 (n
583 2785 631 2818 Pi
669 2786 680 2828 ΙΙ
720 2789 772 2818 19
809 2783 881 2817 mei
914 2783 1034 2826 ΗΜΘ,
1073 2793 1129 2816 me
1161 2781 1265 2817 M¹G
1296 2784 1307 2826 ΙΙ
1339 2786 1392 2816 20.
1433 2783 1558 2817 tamen
1595 2794 1791 2827 personare

103 2831 299 2875 Victorius,
323 2830 398 2866 iam
425 2831 663 2876 inpersonare
689 2830 768 2875 (inp
793 2843 838 2866 ea:
863 2830 938 2874 imp
958 2830 1009 2871 R)
1024 2810 1063 2863 ’.Ω
1082 2832 1093 2873 fl
1113 2833 1167 2864 '4.
1194 2828 1402 2863 mehercule
1423 2830 1495 2865 GR
1514 2832 1525 2873 Η
1545 2841 1625 2864 sum
1646 2842 1710 2866 om.
1728 2831 1761 2867 G
1781 2831 1793 2876 il

98 2880 153 2914 25.
186 2877 377 2914 delectant
406 2879 460 2923 R,
499 2878 740 2914 delectabant
771 2877 868 2921 MG,
906 2889 975 2922 Quo
1009 2880 1147 2911 servato
1179 2875 1331 2923 (nunc)
1365 2876 1494 2911 domus
1527 2878 1595 2911 alid
1625 2878 1637 2922 ΙΙ
1671 2881 1725 2912 30.
1753 2879 1791 2912 et

96 2926 219 2960 cetera
243 2937 309 2961 om.
336 2937 357 2964 ς
