2242 3496
335 192 417 225 XIV
1047 183 1326 218 PRAEFATIO.

335 300 462 353 2682,
487 297 760 350 Erfurtensis,
786 295 1008 336 Palatinus
1029 293 1126 334 598,
1173 292 1382 333 accedunt
1407 293 1453 333 in
1479 291 1621 346 priore
1647 295 1771 347 parte
1796 293 2034 348 particulae

339 372 533 411 servatae
555 369 599 409 in
616 368 729 420 foliis
746 364 1007 413 Taufflnemi,
1026 363 1282 413 Freierz'anQ
1301 363 1621 416 Hambmyensi‚
1646 364 1691 404 in
1711 364 1848 406 altera
1867 368 2037 419 praeter

336 441 485 493 folium
518 439 838 480 Heilbrmmense
869 448 1022 475 manca
1053 434 1198 475 codicis
1225 433 1497 475 Cratandrim‘
1526 434 1696 476 notitia.
1754 436 1859 477 haec
1892 438 2037 477 autem

339 511 477 553 omnis
518 509 710 551 codicum
749 504 958 547 memoria
991 504 1095 559 quin
1134 508 1313 559 excepto
1347 504 1451 545 folio
1484 504 1740 547 Taurinensi
1771 507 1823 547 ad
1856 506 2037 548 eundem

337 583 501 624 fontem
548 578 817 634 primitivum
859 576 1015 617 ultimo
1060 576 1196 631 gradu
1241 575 1480 617 reducenda
1523 575 1581 616 sit
1623 591 1711 617 non
1753 580 1900 631 potest
1944 591 2037 619 esse

337 653 531 694 dubium:
576 663 743 691 summa
783 647 898 689 enim
938 647 982 688 in
1024 662 1068 688 re
1107 647 1286 688 eandem
1326 647 1489 688 habent
1527 648 1757 689 verborum
1801 648 2038 690 conforma-

338 725 500 764 tionem
533 721 798 774 eundemque
831 719 1115 773 epistularum
1149 719 1343 760 ordinem
1376 733 1425 760 ac
1456 733 1695 760 numerum.
1749 734 1855 774 quae
1889 720 2038 774 stirpis

341 792 584 835 communio
622 791 754 832 etiam
787 790 1027 831 minoribus
1062 790 1319 844 quibusdam
1356 789 1555 843 proditur
1587 790 1769 832 indiciis.
1832 805 1916 845 quo
1949 805 2040 844 per-

338 866 448 905 tinet
481 863 595 917 quod
627 865 670 903 et
701 862 746 902 in
780 861 972 903 Mediceo
1005 864 1047 902 et
1079 861 1124 902 in
1151 860 1384 902 Harleiano
1413 861 1528 902 2682
1559 876 1673 902 110110
1706 861 1817 903 libro
1850 861 2041 916 praefixa

337 938 403 977 est
431 937 551 976 nota:
584 933 737 975 ‘Liber
763 932 818 987 Γ,
851 933 974 988 quasi
1005 933 1050 973 in
1076 932 1269 974 Mediceo
1304 946 1472 986 quoque
1505 946 1664 973 novum
1696 932 1816 974 illinc
1849 933 2041 974 ordiatur

337 1006 547 1048 volumen.
619 1005 769 1046 deinde
811 1018 1019 1058 perquam
1061 1002 1341 1045 memorabile
1383 1003 1541 1057 prioris
1581 1003 1720 1057 partis
1758 1003 2041 1045 Harleianum

337 1077 451 1118 2773
477 1101 525 1106 ——
552 1076 773 1117 Parisinus
806 1075 952 1129 paullo
987 1077 1084 1116 ante
1118 1074 1276 1116 desinit
1302 1098 1350 1102 —
1373 1073 1490 1114 finiri
1524 1074 1684 1115 eisdem
1710 1075 1852 1116 verbis
1887 1072 1924 1130 (t
1935 1077 2040 1129 puto

337 1148 485 1201 etiam,
527 1148 564 1188 si
601 1147 737 1188 ullam
777 1145 938 1200 spem':
978 1144 1106 1198 VIII,
1134 1145 1178 1198 9,
1205 1142 1256 1200 3)
1297 1144 1453 1198 quibus
1492 1143 1673 1186 Medicei
1713 1145 2042 1199 quaternionem

337 1219 536 1273 quintum
575 1218 799 1260 decimum.
862 1217 980 1258 haec
1005 1216 1142 1271 igitur
1180 1230 1278 1257 011111
1318 1216 1536 1257 evidenter
1568 1216 1815 1257 ducant'ad
1851 1216 2043 1271 priscum

338 1291 550 1345 quendam
593 1290 787 1331 codicum
828 1291 1078 1330 nostrorum
1118 1302 1293 1341 nexum,
1338 1287 1474 1328 altera
1518 1303 1568 1329 ex
1609 1290 1732 1342 parte
1774 1288 1899 1342 plura
1940 1291 2042 1328 sunt

337 1376 444 1417 quae
471 1362 685 1402 diversam
712 1360 914 1415 primitus
943 1359 1154 1414 originem
1180 1359 1409 1399 videantur
1436 1358 1634 1400 indicare.
1685 1374 1786 1399 nam
1813 1359 1970 1399 mirum
1998 1359 2041 1399 111

336 1432 488 1487 primis
522 1432 636 1486 quod
673 1447 783 1473 unus
816 1431 1032 1472 Mediceus
1065 1430 1289 1471 universos
1328 1430 1460 1471 habet
1499 1430 1634 1471 libros
1668 1430 1870 1484 sedecim,
1911 1431 2042 1471 ceteri

338 1518 485 1545 omnes
527 1528 585 1532 —
625 1503 753 1544 mitto
796 1503 909 1544 enim
950 1502 1136 1543 incertas
1177 1501 1384 1542 foliorum
1426 1501 1711 1555 singularium
1753 1501 1943 1543 rationes
1985 1526 2043 1530 —

338 1578 530 1617 octonos.
593 1574 743 1616 deinde
783 1588 1064 1628 quamquam,
1104 1576 1153 1614 ut
1186 1573 1291 1626 dixi,
1332 1587 1501 1613 summa
1541 1573 1585 1613 in
1625 1587 1669 1614 re
1704 1571 1863 1627 ubique
1896 1572 2043 1614 eadem

338 1650 404 1687 est
430 1647 661 1688 verborum
688 1645 988 1699 conformatio,
1020 1648 1166 1686 tamen
1193 1643 1353 1699 singuli
1382 1644 1538 1698 quique
1567 1643 1652 1685 1001
1678 1646 1849 1685 tantum
1882 1644 2044 1685 habent

338 1718 604 1759 differentiae
632 1720 679 1760 ut
704 1731 830 1758 nemo
863 1730 950 1757 non
984 1716 1122 1770 possit
1148 1716 1290 1756 videre
1324 1718 1367 1756 et
1399 1715 1444 1755 in
1475 1715 1618 1768 priore
1651 1718 1694 1756 et
1726 1714 1772 1756 in
1803 1715 2043 1769 posteriore

340 1791 461 1844 parte
501 1788 667 1830 codices
705 1787 954 1828 dimidiatos
993 1801 1089 1828 cum
1130 1786 1355 1841 oppositos
1394 1800 1485 1828 0330
1521 1785 1713 1827 Mediceo
1752 1789 1847 1827 tum
1884 1786 2043 1827 artiore

341 1860 527 1914 quodam
552 1859 724 1901 vinculo
758 1859 873 1900 inter
904 1873 948 1899 se
982 1872 1179 1900 conexos.
1229 1858 1412 1912 denique
1445 1858 1623 1898 alterius
1656 1857 1792 1911 partis
1825 1857 2044 1899 codicibus

341 1931 504 1972 adnexa
541 1934 607 1972 est
645 1930 698 1971 ad
731 1929 1017 1971 Octavianum
1057 1944 1163 1983 quae
1201 1929 1340 1970 fertur
1378 1929 1511 1970 missa
1549 1928 1751 1983 epistula,
1797 1943 1927 1983 quam
1958 1944 2045 1970 non

340 2003 472 2043 habet
504 2001 733 2043 Mediceus.

462 2088 569 2128 quae
603 2072 798 2115 codicum
837 2072 1119 2127 superstitum
1158 2075 1201 2113 et
1234 2071 1540 2114 consonantiae
1573 2074 1617 2113 et
1649 2071 1961 2126 discrepantiae
1994 2071 2047 2113 ad

344 2144 513 2198 qualem
545 2144 793 2185 viderentur
827 2144 928 2184 libri
962 2143 1186 2198 archetypi
1219 2143 1372 2185 ducere
1405 2142 1591 2198 speciem
1624 2143 1695 2184 diu
1729 2143 1939 2198 quaesivi,
1977 2143 2047 2184 ad-

342 2215 450 2257 scita
487 2216 620 2257 etiam
662 2215 922 2257 amissorum
965 2214 1159 2256 codicum
1199 2215 1312 2269 quod
1352 2214 1442 2256 eius
1480 2214 1574 2255 fieri
1612 2216 1785 2269 poterat
1825 2215 2045 2256 memoria.

343 2302 391 2328 ac
418 2287 603 2328 maxime
631 2286 802 2341 quidem
832 2286 1037 2341 indagare
1066 2285 1210 2327 studui
1238 2286 1313 2340 qui
1339 2279 1593 2341 quandoque
1620 2285 1774 2327 divisio
1807 2285 1892 2337 illa,
1926 2286 2046 2327 cuius

342 2358 527 2400 fortasse
568 2359 654 2399 iam
696 2358 808 2412 apud
851 2356 1072 2399 Sedulium
1114 2360 1156 2397 et
1198 2356 1368 2411 Lupum
1411 2360 1561 2398 extant
1601 2356 1804 2412 vestigia,
1848 2356 2049 2398 evenerit.

343 2430 517 2470 tandem
560 2444 584 2470 a
627 2444 694 2470 me
735 2429 908 2482 quidem
952 2429 1057 2470 haec
1102 2429 1347 2484 aenigmata
1392 2428 1501 2470 solvi
1543 2442 1630 2469 non
1673 2442 1798 2482 posse
1841 2427 2047 2469 intellexi.

345 2514 440 2541 cum
479 2502 592 2541 enim
632 2515 680 2541 ex
720 2500 781 2541 eis
815 2514 923 2554 quae
960 2514 1093 2554 supra
1128 2499 1324 2553 exposita
1357 2503 1458 2541 sunt
1496 2501 1645 2554 pateat
1675 2499 1721 2540 in
1752 2498 1892 2540 tribus
1926 2498 2049 2539 mini-

345 2587 462 2612 mum
489 2572 750 2626 regionibus,
783 2570 926 2612 Gallia
953 2569 1185 2612 Germania
1211 2571 1351 2621 Italia,
1384 2571 1581 2612 extitisse
1602 2570 1680 2611 has
1702 2570 1912 2623 epistulas
1933 2573 2047 2611 tran-

347 2642 657 2696 scribendoque
685 2657 776 2683 esse
805 2644 1066 2697 propagatas
1094 2656 1274 2696 cumque
1300 2656 1425 2683 nemo
1456 2642 1599 2696 possit
1626 2642 1765 2683 dicere
1792 2641 2049 2682 amissorum

347 2713 540 2754 codicum
580 2715 654 2753 aut
693 2713 905 2753 ambitum
944 2715 1018 2754 aut
1055 2727 1300 2767 numerum,
1343 2713 1462 2754 nulla
1502 2713 1749 2755 coniectura
1784 2727 1868 2767 qua
1906 2726 2049 2766 super-

348 2783 500 2824 stitum
539 2783 735 2825 codicum
776 2783 890 2824 inter
928 2798 971 2824 se
1014 2783 1250 2839 iungantur
1293 2784 1503 2839 rationes,
1547 2788 1637 2825 tam
1674 2785 1799 2825 firma
1839 2786 1906 2825 est
1947 2783 2049 2837 quin

349 2854 433 2894 alia
464 2854 603 2907 possit
636 2854 807 2908 opponi.
861 2854 1008 2909 itaque
1036 2856 1196 2896 omissa
1228 2855 1345 2896 omni
1378 2855 1550 2910 singula
1582 2855 1766 2897 rimandi
1798 2855 2049 2896 curiositate

350 2924 431 2965 hoc
459 2939 591 2965 unum
623 2925 805 2966 dixerim
832 2926 967 2967 videri
999 2927 1106 2967 mihi
1139 2941 1236 2968 eum
1269 2926 1440 2980 quidem
1473 2927 1632 2967 librum
1664 2926 1717 2967 ad
1749 2941 1876 2981 quem
1907 2940 2049 2980 super-

351 2995 475 3036 stites
515 2996 680 3037 codices
720 2996 881 3037 vetusti
921 2997 1076 3038 ultima
1116 2998 1250 3052 stirpe
1288 2998 1482 3052 redeant,
1523 3000 1566 3053 et
1598 2998 1764 3039 duobus
1802 2996 2047 3039 constitisse

352 3065 640 3107 voluminibus
684 3082 865 3120 quorum
909 3070 1139 3121 utrumque
1182 3071 1362 3110 octonos
1404 3069 1592 3110 tenuerit
1632 3068 1767 3110 libros
1809 3070 1852 3109 et
1891 3067 2049 3108 unciali

351 3136 483 3176 fuisse
511 3136 719 3190 scriptum
747 3138 1005 3179 litteratura.
1054 3139 1283 3192 epistulam
1312 3141 1361 3180 ad
1391 3139 1675 3182 Octavianum
1702 3139 1878 3180 missam
1905 3142 2049 3180 utrum
