2242 3542
746 794 1313 849 PRAEFATIO.

301 998 354 1039 M.
373 997 559 1039 Tullium
576 997 779 1038 Tironem
798 1010 881 1037 una
899 996 1085 1037 editione
1105 995 1257 1051 grandi
1276 1010 1400 1036 omne
1419 995 1531 1049 quod
1551 999 1643 1036 tum
1661 997 1885 1048 supererat

180 1069 399 1111 Ciceronis
433 1068 738 1110 commercium
771 1067 1007 1121 epistulare
1041 1070 1211 1120 praeter
1243 1066 1413 1107 litteras
1448 1066 1499 1107 ad
1532 1066 1728 1107 Atticum
1762 1065 1885 1105 datas

179 1140 408 1196 paullatim
429 1140 473 1181 in
494 1139 716 1194 publicum
736 1138 969 1193 protulisse
990 1141 1091 1192 post
1113 1138 1310 1193 egregias
1328 1137 1376 1178 L.
1392 1138 1584 1179 Gurlittii
1610 1136 1885 1191 quaestiones

181 1226 329 1253 omnes
355 1211 482 1253 hodie
511 1210 796 1252 consentiunt.
810 1207 842 1264 ¹)
893 1209 1011 1250 cuius
1039 1209 1240 1250 editionis
1269 1223 1319 1249 ex
1349 1209 1543 1263 reliquiis
1570 1209 1698 1262 longe
1726 1206 1888 1262 gravis-

181 1283 338 1324 simum
357 1285 424 1324 est
442 1282 484 1323 id
503 1296 658 1336 corpus
677 1281 790 1335 quod
809 1281 994 1322 sedecim
1014 1280 1136 1321 libris
1153 1281 1510 1334 comprehensum
1531 1279 1656 1321 hodie
1679 1281 1886 1319 tenemus.

182 1354 295 1409 quod
322 1367 477 1408 corpus
504 1356 552 1394 ut
577 1352 762 1393 formam
789 1351 876 1392 iam
902 1352 1033 1393 habet
1058 1366 1145 1392 non
1172 1351 1394 1405 antiquam
1413 1375 1471 1380 ——
1488 1354 1653 1392 veteres
1675 1349 1789 1390 enim
1810 1348 1887 1388 has

182 1425 391 1479 epistulas
424 1424 688 1466 monobiblis
717 1423 1047 1477 comprehensas
1081 1423 1358 1477 lectitabant,
1390 1437 1475 1464 non
1503 1425 1674 1464 coactas
1701 1421 1745 1461 in
1771 1419 1888 1460 volu—

183 1496 300 1537 mina
333 1521 408 1548 —,
447 1495 510 1535 ita
542 1510 586 1535 re
621 1495 722 1549 quin
753 1493 841 1534 fere
875 1493 1034 1534 referat
1066 1493 1238 1534 Tironis
1271 1508 1444 1548 operam
1478 1493 1655 1534 dubium
1688 1506 1774 1533 non
1806 1494 1888 1533 est:

185 1581 293 1621 quae
333 1566 446 1607 enim
485 1581 535 1607 ex
577 1565 645 1606 his
684 1564 882 1619 epistulis
923 1565 1021 1605 inde
1061 1565 1114 1605 ab
1157 1564 1470 1618 antiquissimis
1494 1563 1781 1617 ·temporibus
1822 1563 1890 1603 ad-

185 1638 382 1678 feruntur
421 1636 678 1691 particulae,
723 1650 796 1676 eae
839 1635 890 1675 ad
933 1635 1045 1676 idem
1088 1635 1202 1689 quod
1245 1634 1372 1676 hodie
1414 1637 1481 1675 est
1522 1635 1702 1675 redeunt
1742 1634 1891 1675 funda-

185 1711 391 1749 mentum.
442 1707 561 1761 ipsae
594 1710 739 1747 autem
772 1720 845 1747 eae
872 1706 1110 1760 particulae
1144 1706 1180 1746 si
1213 1705 1535 1761 coniunguntur
1567 1719 1664 1746 cum
1694 1704 1890 1760 vestigiis

186 1778 443 1833 quibusdam
482 1778 534 1819 ad
574 1778 743 1819 codices
782 1777 927 1831 plures
966 1777 1093 1818 hodie
1127 1776 1371 1830 deperditos
1412 1776 1729 1830 spectantibus,
1773 1776 1891 1817 nullo

116 1880 122 1883 -
186 1849 356 1891 saeculo
395 1863 573 1904 prorsus
610 1848 744 1890 fuisse
785 1848 1084 1890 oblitteratam
1121 1847 1276 1888 harum
1315 1847 1601 1902 epistularum
1640 1846 1892 1888 memoriam

186 1920 298 1962 haud
334 1923 496 1962 temere
527 1920 630 1962 licet
663 1919 883 1974 suspicari.

305 1991 656 2046 antiquissimum
704 1991 839 2046 igitur
885 2005 937 2032 ex
984 1991 1044 2031 eis
1090 2004 1198 2044 quae
1244 1992 1475 2044 supersunt
1520 1988 1782 2031 testimoniis
1828 1992 1894 2030 est

186 2063 357 2105 Senecae
395 2062 533 2117 patris
567 2060 698 2118 (suas.
726 2061 765 2116 I,
791 2062 818 2104 5
859 2077 898 2116 p.
925 2062 1031 2116 524,
1056 2062 1083 2102 5
1115 2061 1237 2102 Muli.
1263 2077 1271 2102 :
1301 2060 1387 2103 Cic.
1414 2061 1467 2102 ad
1493 2060 1594 2102 fam.
1620 2060 1714 2114 XV,
1744 2061 1810 2115 19,
1835 2057 1895 2115 4),

189 2149 210 2176 e
238 2134 449 2176 memoria
474 2133 647 2188 quidem
673 2133 715 2174 id
748 2133 967 2188 prolatum
995 2147 1129 2187 eoque
1161 2133 1307 2188 paullo
1334 2133 1615 2174 immutatum
1634 2156 1692 2161 ——
1712 2131 1755 2172 id
1782 2132 1895 2185 quod

189 2206 263 2247 alii
297 2219 465 2260 quoque
497 2204 691 2246 fecerunt
730 2205 978 2259 scriptores.
1043 2207 1246 2246 secuntur
1285 2204 1572 2256 Quintilianus
1604 2206 1647 2244 et
1679 2202 1896 2244 Suetonius

189 2276 432 2318 adferentes
463 2276 537 2317 ille
571 2276 726 2328 (instit.
753 2291 812 2318 or.
840 2275 968 2330 VIII,
994 2277 1034 2331 3,
1060 2274 1136 2331 35)
1170 2291 1232 2330 ep.
1261 2276 1313 2317 ad
1340 2275 1441 2316 fam.
1467 2274 1555 2329 III,
1582 2275 1620 2328 8,
1647 2275 1685 2327 3,
1723 2273 1794 2315 hic
1825 2272 1895 2327 (de

190 2362 251 2404 gr.
280 2351 323 2389 et
349 2348 456 2389 rhet.
487 2348 541 2389 14
572 2362 611 2401 p.
636 2349 715 2389 111
745 2347 887 2402 Reiff.)
916 2347 968 2388 ad
995 2348 1094 2388 fam.
1119 2346 1194 2400 IX,
1224 2348 1289 2400 10,
1319 2348 1352 2388 1.
1404 2345 1719 2399 epistologyraplii
1745 2344 1895 2385 deinde

191 2418 376 2460 Romani
408 2418 506 2459 inde
540 2434 564 2459 a
589 2418 733 2460 Plinio
759 2419 916 2460 minore
949 2417 1006 2472 (v.
1033 2432 1094 2472 ep.
1121 2417 1196 2471 IX,
1216 2418 1262 2472 2)
1287 2442 1345 2446 —
1368 2417 1453 2458 alia
1479 2417 1683 2457 nimirum
1712 2414 1895 2457 Senecae

191 2504 320 2531 causa
352 2492 418 2530 est
447 2514 506 2518 —
531 2504 664 2543 usque
698 2489 750 2530 ad
783 2492 977 2531 extrema
1008 2487 1194 2529 labentis
1227 2488 1397 2542 imperii
1429 2491 1625 2541 tempora
1658 2489 1700 2527 et
1731 2486 1897 2527 lectita-

191 2560 299 2601 bant
340 2560 417 2601 has
461 2560 669 2615 epistulas
709 2562 752 2601 et
792 2559 1003 2601 imitando
1044 2559 1080 2600 si
1123 2574 1189 2600 res
1228 2559 1361 2600 ferret
1402 2557 1719 2612 exprimebant,
1763 2556 1897 2599 veluti

193 2629 370 2680 Fronto,
402 2630 662 2684 Ambrosius,
695 2630 892 2672 Sidonius
923 2630 1204 2682 Apollinaris,
1245 2629 1332 2671 alii.
1388 2629 1499 2670 idem
1533 2629 1725 2669 studium
1758 2628 1899 2669 tenuit

317 2763 350 2802 1)
377 2757 429 2792 Cf.
458 2757 626 2792 Gurlittii
653 2757 759 2793 diss.:
794 2758 854 2791 ‘de
880 2757 927 2792 M.
951 2756 1051 2790 Tulli
1083 2756 1270 2791 Ciceronis
1302 2756 1473 2801 epistulis
1507 2767 1708 2800 earumque
1740 2755 1899 2801 pristina

177 2805 429 2841 ‚collectione’
459 2804 515 2839 ed.
544 2803 746 2849 Gottingae
773 2817 803 2838 a.
828 2808 917 2837 1879
944 2814 1113 2848 quaeque
1146 2805 1278 2848 postea
1308 2803 1408 2838 idem
1439 2804 1497 2838 vir
1528 2803 1694 2838 eruditus
1728 2802 1901 2847 exposuit

195 2854 234 2888 in
261 2864 344 2888 ann.
372 2852 500 2897 philol.
534 2855 620 2886 1885
646 2863 680 2896 p.
703 2855 768 2885 561
787 2863 852 2896 sq.‚
881 2854 970 2885 1888
996 2863 1030 2895 p.
1053 2854 1120 2885 863
1136 2863 1188 2895 sq.
1217 2853 1254 2885 et
1279 2851 1317 2885 in
1344 2863 1466 2896 progr.
1489 2850 1719 2896 Steglitiensi
1741 2862 1772 2885 a.
1797 2854 1897 2885 1888.

195 2902 390 2947 praeterea
409 2899 593 2934 videndae
614 2898 815 2933 relationes
834 2898 892 2933 W.
909 2897 1107 2933 Schirmeri
1129 2898 1277 2942 (Philol.
1299 2899 1395 2933 XLV
1414 2911 1448 2943 p.
1466 2902 1532 2932 133
1543 2900 1621 2943 sq.)‚
1643 2897 1679 2933 C.
1694 2897 1900 2932 Lehmanni

199 2947 434 2993 (‘Iahresber.
463 2947 498 2982 cl.
526 2946 693 2981 Berlincr
718 2945 808 2990 phil.
835 2945 1004 2980 Vereins'
1032 2945 1065 2979 X
1090 2958 1124 2991 p.
1148 2950 1165 2980 1
1183 2947 1267 2992 sq.),
1294 2947 1355 2981 Iw.
1382 2945 1530 2980 Mi'illeri
1558 2946 1611 2989 (in
1638 2945 1810 2979 Bursiani
1836 2944 1899 2979 rel.

198 3007 282 3030 ann.
311 2998 400 3030 1882
428 2995 460 3028 11
487 3006 521 3039 p.
546 2999 561 3027 1
580 2998 648 3038 sq.)
677 2993 722 3028 al.
747 3014 786 3018 -
810 2994 974 3027 ceterum
999 2992 1110 3027 valde
1135 2993 1331 3038 probabile
1357 3004 1419 3027 eos
1440 2992 1556 3027 libros
1576 2993 1615 3027 in
1635 2992 1770 3037 quibus
1790 2991 1901 3026 nimis

198 3042 406 3088 apparebat
431 3041 618 3077 Ciceronis
645 3040 803 3075 infestus
830 3040 980 3075 Caesari
1003 3039 1310 3085 Caesarianisque
1337 3040 1481 3075 animus
1504 3061 1547 3065 —
1567 3042 1610 3074 ut
1635 3041 1792 3085 apparet
1816 3051 1850 3074 v,
1872 3050 1901 3074 c,

198 3090 237 3124 in
263 3088 434 3136 epistulis
455 3089 503 3124 ad
523 3088 692 3123 Cassium
714 3088 814 3122 datis
834 3087 925 3133 (XII,
949 3091 965 3121 1
983 3089 1052 3132 sq.)
1075 3109 1129 3132 -‚
1154 3087 1251 3123 vivis
1272 3087 1387 3122 etiam
1407 3089 1486 3122 tum
1506 3088 1675 3133 Augusto
1696 3089 1734 3122 et
1753 3086 1901 3121 Tiberio

198 3148 273 3172 non
297 3136 464 3182 potuisse
490 3136 638 3180 vulgari
665 3148 687 3170 a
713 3135 858 3179 Tirone,
886 3135 950 3169 sed
977 3146 1056 3169 esse
1083 3135 1203 3170 editos
1227 3157 1266 3160 -«
1289 3147 1333 3170 cx
1359 3135 1562 3169 Tironiana
1585 3134 1737 3179 quidem
1757 3133 1902 3168 ordina-

199 3184 301 3219 tione
323 3204 365 3210 —-
385 3185 471 3229 post
490 3185 645 3218 mortem
667 3185 705 3217 et
724 3182 825 3217 illius
848 3184 884 3216 et
903 3181 1042 3217 Tiberii
1065 3186 1111 3227 (v,
1127 3183 1164 3217 F.
1180 3183 1253 3216 Leo
1274 3182 1350 3217 ind.
1373 3182 1485 3218 schol.
1507 3181 1673 3227 Gotting.
1696 3185 1784 3215 1892
1805 3193 1838 3225 p,
1857 3185 1902 3224 3).

1572 3254 1594 3275 a
1603 3242 1618 3259 '⁵'
