2242 3496
349 160 434 201 406
946 153 992 187 M.
1020 151 1159 186 TVLLI
1186 148 1436 184 CICERONIS

305 279 324 311 5
351 268 613 323 impedirem.
687 265 849 305 interea
897 261 940 301 in
989 259 1070 301 hoc
1121 261 1243 300 tanto
1294 260 1415 299 motu
1465 247 1671 311 tantaque
1722 256 2041 311 exspectatione

352 338 525 381 maximi
558 336 659 378 belli
691 348 764 375 rex
796 332 1043 384 Deiotarus,
1089 328 1156 370 cui
1188 343 1274 370 non
1308 328 1397 369 sine
1437 342 1566 370 causa
1603 327 1836 381 plurimum
1875 341 2042 381 semper

352 412 395 451 et
426 423 521 450 meo
554 409 597 448 et
629 408 702 446 tuo
730 409 770 444 et
796 403 969 443 senatus
996 399 1153 441 iudicio
1182 399 1394 440 tributum
1421 400 1499 452 est,
1531 398 1595 439 vir
1622 413 1719 440 cum
1744 397 2044 450 benevolentia

354 483 395 522 et
426 479 506 520 fide
540 489 640 530 erga
671 472 875 527 populum
908 470 956 511 R.
991 469 1218 525 singulari,
1258 472 1351 510 tum
1383 467 1628 524 praesentia
1667 468 1961 523 magnitudine
2000 470 2043 509 et

354 548 483 591 animi
517 549 558 587 ct
590 541 775 596 consilii,
806 541 974 595 legatos
1008 540 1059 581 ad
1091 555 1158 581 me
1191 540 1310 581 misit
1343 554 1387 581 se
1421 554 1518 581 cum
1551 538 1750 580 omnibus
1784 539 1872 580 suis
1908 538 2043 593 copiis
2081 554 2097 580 5

354 619 396 661 in
428 632 521 659 mea
553 616 694 656 castra
727 626 817 653 esse
844 614 1088 665 venturum3
1121 611 1241 652 cuius
1269 624 1347 664 ego
1377 610 1518 652 studio
1547 610 1774 664 officioque
1803 611 2044 651 commotus

307 704 325 733 ς,
353 689 421 744 egi
453 687 490 729 ei
522 699 596 739 per
628 684 796 724 litteras
829 682 990 737 gratias
1023 682 1149 737 idque
1188 684 1236 722 ut
1273 683 1510 723 maturaret
1546 681 1747 722 hortatus
1786 695 1890 722 sum.
1949 695 2045 722 cum

353 761 494 800 autem
527 756 578 796 ad
611 753 812 809 Cybistra
845 755 1019 807 propter
1050 752 1261 793 rationem
1295 752 1398 793 belli
1435 752 1621 806 quinque
1661 751 1750 793 dies
1789 765 1927 793 essem
1958 765 2046 793 mo-

351 831 487 881 ratus,
530 838 675 880 regem
719 823 1073 878 Ariobarzanem,
1124 823 1244 864 cuius
1291 823 1475 864 salutem
1521 837 1546 864 a
1590 824 1742 864 senatu
1784 825 1826 864 te
1871 824 2046 863 auctore

352 897 692 941 commendatam
721 895 945 948 habebam,
980 893 1278 948 praesentibus
1305 894 1472 935 insidiis
1498 893 1829 948 necopinantem
1853 892 2046 948 liberavi,
2067 910 2100 935 10

351 983 485 1024 neque
526 967 664 1009 solum
703 967 740 1007 ei
779 966 907 1007 saluti
946 965 1025 1020 fui,
1071 965 1143 1006 sed
1189 965 1319 1006 etiam
1364 965 1528 1020 curavi,
1571 967 1621 1006 ut
1653 979 1750 1006 cum
1787 963 2046 1006 auctoritate

353 1040 569 1095 regnaret:
614 1037 797 1078 Metram
831 1040 874 1077 et
906 1051 1020 1086 eum,
1059 1050 1186 1090 quem
1219 1038 1266 1077 tu
1300 1035 1406 1077 mihi
1445 1036 1675 1092 diligenter
1715 1035 2049 1091 commendaras,

352 1111 633 1163 Athenaeum,
665 1107 980 1163 inportunitate
1007 1106 1262 1148 Athenaidis
1291 1107 1441 1148 exsilio
1474 1108 1694 1162 multatos,
1725 1106 1828 1162 <in>
1860 1106 2048 1148 maxima

354 1181 465 1236 apud
491 1194 635 1235 regem
663 1179 920 1220 auctoritate
948 1177 1173 1234 gratiaque
1201 1178 1418 1232 constitui,
1446 1192 1626 1232 cumque
1653 1191 1861 1233 magnum
1885 1177 2048 1218 bellum

352 1253 396 1294 in
434 1250 701 1306 Cappadocia
740 1249 1046 1305 concitaretur,
1092 1249 1127 1290 si
1172 1249 1370 1291 sacerdos
1415 1249 1547 1291 armis
1592 1263 1656 1304 se,
1700 1249 1812 1302 quod
1855 1247 2048 1291 facturus
2069 1265 2102 1290 15

312 1336 315 1340 ·
351 1323 596 1379 putabatur,
629 1321 884 1375 defenderet,
917 1321 1165 1362 adulescens
1199 1323 1242 1362 et
1274 1320 1469 1375 equitatu
1502 1322 1545 1361 et
1575 1320 1771 1375 peditatu
1800 1321 1843 1361 et
1869 1319 2049 1374 pecunia

352 1396 527 1448 paratus
553 1392 636 1447 †et
663 1394 756 1433 toto
784 1392 849 1446 iis,
882 1391 956 1446 qui
980 1392 1131 1433 novari
1158 1391 1321 1446 aliquid
1347 1391 1561 1442 volebant,
1592 1390 1764 1445 perfeci,
1793 1393 1841 1432 ut
1867 1405 1888 1431 e
1914 1404 2048 1446 regno

352 1465 424 1506 ille
457 1463 692 1505 discederet
724 1477 880 1517 rexque
914 1463 1004 1504 sine
1038 1463 1229 1504 tumultu
1262 1477 1309 1504 ac
1342 1463 1433 1504 sine
1466 1462 1597 1504 armis
1634 1461 1752 1503 omni
1791 1461 2049 1504 auctoritate

308 1549 325 1579 7
353 1536 473 1577 aulae
507 1534 771 1576 communita
803 1548 982 1589 regnum
1017 1549 1114 1576 cum
1146 1533 1358 1589 dignitate
1393 1534 1619 1588 optineret.
1679 1533 1843 1575 interea
1869 1531 2051 1588 cognovi

353 1606 589 1648 multorum
632 1605 792 1646 litteris
838 1608 966 1659 atque
1011 1605 1174 1646 nuntiis
1221 1619 1401 1660 magnas
1447 1604 1710 1646 Parthorum
1760 1602 1906 1657 copias
1950 1602 2051 1657 (et)
2070 1621 2105 1647 20

353 1677 547 1718 Arabum
594 1676 643 1717 ad
690 1676 895 1731 oppidum
940 1675 1227 1717 Antiocheam
1279 1676 1510 1718 accessisse
1561 1688 1851 1731 magnumque
1903 1688 2052 1716 eorum

355 1748 610 1802 equitatum,
649 1746 722 1802 qui
754 1747 799 1788 in
832 1746 1028 1789 Ciliciam
1059 1746 1308 1803 transisset,
1346 1747 1400 1789 ab
1433 1748 1626 1802 equitum
1665 1760 1860 1788 meorum
1896 1745 2052 1787 turmis

355 1822 398 1860 et
430 1834 454 1860 a
486 1818 661 1860 cohorte
693 1818 920 1873 praetoria,
954 1833 1060 1872 quae
1095 1820 1187 1859 erat
1216 1817 1498 1873 Epiphaneae
1530 1817 1735 1873 praesidii
1768 1831 1909 1872 causa,
1944 1816 2053 1860 occi-

356 1889 479 1931 dione
519 1889 716 1931 occisum.
775 1904 924 1944 quare,
962 1904 1058 1930 cum
1095 1889 1284 1931 viderem
1323 1904 1347 1930 a
1385 1888 1658 1943 Cappadocia
1689 1888 1950 1930 Parthorum
1988 1902 2054 1930 co-

355 1961 447 2015 pias
480 1974 650 2001 aversas
682 1975 768 2001 non
799 1960 928 2015 longe
955 1975 980 2001 a
1005 1960 1164 2001 finibus
1198 1974 1290 2002 esse
1317 1959 1506 2016 Ciliciae,
1539 1975 1668 2015 quam
1699 1959 1824 2014 potui
1853 1958 2052 2000 maximis
2073 1977 2106 2002 25

356 2031 583 2073 itineribus
623 2031 674 2071 ad
713 2030 929 2072 Amanum
972 2031 1207 2072 exercitum
1246 2031 1358 2073 duxi.
1422 2046 1506 2086 quo
1544 2034 1593 2072 ut
1630 2031 1745 2086 veni,
1788 2031 1962 2072 hostem
1999 2030 2052 2071 ab

356 2102 597 2143 Antiochea
627 2102 866 2157 recessisse,
897 2101 1103 2143 Bibulum
1135 2101 1401 2144 Antiocheae
1435 2116 1526 2144 esse
1560 2102 1761 2158 cognovi3
1798 2101 2055 2143 Deiotarum

357 2173 582 2214 confestim
616 2173 701 2214 iam
734 2174 785 2214 ad
818 2188 885 2215 me
918 2173 1161 2215 venientem
1201 2188 1297 2215 cum
1336 2187 1493 2229 magno
1533 2176 1575 2215 et
1612 2173 1736 2215 firmo
1776 2173 1973 2228 equitatu
2011 2175 2054 2214 et

356 2243 550 2298 peditatu
582 2246 624 2284 et
656 2259 751 2286 cum
784 2245 982 2286 omnibus
1016 2245 1104 2286 suis
1139 2245 1274 2300 copiis
1309 2245 1536 2287 certiorem
1569 2245 1651 2286 feci
1682 2259 1769 2286 non
1800 2244 1936 2286 videri
1962 2258 2054 2286 esse

359 2329 547 2368 causam,
592 2329 666 2356 cur
698 2303 873 2358 abesset*
901 2332 925 2358 a
957 2330 1108 2371 regno,
1153 2331 1306 2370 meque
1345 2317 1398 2358 ad
1430 2331 1545 2370 eum,
1589 2316 1625 2358 si
1665 2316 1766 2370 quid
1802 2315 1904 2358 novi
1940 2315 2053 2357 forte
2074 2334 2108 2358 30

313 2398 331 2428 8
359 2384 599 2439 accidisset,
643 2386 790 2427 statim
833 2387 1002 2428 litteras
1044 2387 1305 2442 nuntiosque
1349 2387 1582 2429 missurum
1627 2401 1738 2443 esse3
1781 2400 1962 2441 cumque
2004 2401 2053 2427 eo

453 2540 507 2585 -3.
534 2535 590 2570 uir
616 2547 699 2585 cum
724 2537 823 2580 MD,
852 2549 915 2571 cur
941 2550 1023 2572 cum
1050 2539 1106 2581 H,
1141 2551 1204 2573 cur
1230 2551 1303 2574 non
1333 2540 1373 2574 F
1406 2541 1416 2585 Η
1454 2543 1484 2574 4.
1512 2538 1742 2584 praesentia]
1769 2537 1979 2583 praestanti
2005 2549 2025 2576 ς
2044 2537 2056 2584 Η

362 2586 390 2634 7:
417 2582 465 2635 ei]
493 2584 530 2617 et
557 2584 635 2617 ²151st
658 2585 669 2628 Η
695 2584 836 2629 gratias
863 2598 928 2620 om.
955 2586 995 2620 F
1024 2587 1035 2631 Η
1066 2588 1273 2621 maturarer
1300 2587 1397 2621 FH1
1429 2589 1440 2632 Η
1473 2592 1503 2622 8.
1532 2586 1697 2630 eibystra
1723 2586 1777 2629 M,
1804 2586 1981 2630 cybystra
2006 2586 2054 2629 D,

361 2630 513 2663 cibistra
534 2630 615 2664 FH
631 2632 642 2674 Η
664 2635 716 2665 13.
747 2631 944 2666 atheneum
966 2634 1018 2676 M,
1046 2634 1263 2678 attheneum
1285 2634 1365 2668 FH
1382 2637 1393 2678 Η
1413 2633 1642 2669 atthenaidis
1663 2633 1703 2668 F
1720 2634 1731 2678 Η
1751 2632 1881 2667 exsilio
1908 2645 1952 2668 ex
1971 2644 2055 2667 con-

361 2676 443 2711 silio
470 2677 534 2710 Ille
559 2678 701 2730 vel-ills
720 2680 730 2722 Η
750 2678 788 2711 111
814 2680 896 2714 add.
920 2681 965 2714 F.
988 2680 1182 2724 Hof'mmm
1202 2686 1234 2716 et
1255 2682 1291 2716 0.
1316 2682 1361 2716 F.
1385 2683 1440 2717 W.
1458 2683 1604 2716 ‘Muller
1630 2681 1754 2725 (coni.
1779 2680 1888 2715 Tull?
1912 2692 1951 2725 p.
1973 2682 2032 2725 18)
2045 2680 2057 2726 Η

363 2726 415 2776 17.
443 2725 480 2758 et
504 2725 583 2758 toto
608 2736 655 2759 us
681 2726 735 2769 M,
762 2726 799 2760 et
823 2727 904 2760 tuto
930 2727 989 2761 his
1018 2728 1146 2763 FHD.
1187 2740 1231 2763 ex
1256 2730 1335 2763 toto
1361 2728 1407 2762 iis
1437 2729 1560 2772 Orelli,
1587 2729 1624 2763 et
1648 2729 1707 2762 tot
1732 2727 1841 2762 sociis
1868 2729 1921 2772 (et
1947 2727 2055 2762 sociis

364 2783 434 2804 mm
460 2772 494 2815 ς)
520 2771 661 2815 Baiter,
687 2773 724 2807 et
747 2774 847 2807 totus
873 2773 918 2807 iis
947 2775 1150 2819 Hafmavm,
1177 2775 1366 2821 expositus
1392 2776 1438 2810 iis
1466 2777 1617 2819 Klotffl,
1642 2777 1680 2810 et
1706 2774 1827 2809 socius
1847 2774 1894 2809 iis
1915 2774 2054 2810 Schutz.

362 2818 405 2868 cf.
434 2818 625 2861 Hofmcmm
651 2820 699 2853 ud
724 2820 756 2855 h.
779 2821 799 2855 Z.
826 2822 837 2864 Η
862 2821 1001 2865 perfeci
1027 2834 1070 2857 ex
1095 2823 1223 2867 perfici
1247 2823 1315 2867 HI,
1342 2823 1469 2867 perfici
1496 2823 1536 2857 F
1564 2825 1575 2868 Η
1609 2826 1663 2858 18.
1692 2822 1900 2857 discederet
1925 2821 2054 2865 FHD,

364 2863 606 2910 d1sce1·et]llll
626 2866 724 2901 omni
745 2878 809 2902 om.
829 2869 867 2902 F
883 2870 894 2913 Η
914 2872 968 2902 20.
991 2871 1028 2903 et
1044 2881 1110 2905 om.
1129 2870 1215 2905 ΨΕ.
1250 2872 1361 2914 atque
1376 2872 1543 2915 supplent
1557 2871 1624 2905 alii
1643 2871 1654 2914 Η
1674 2873 1728 2904 21.
1751 2868 1988 2903 antiocheam
2001 2869 2055 2910 M,

363 2913 466 2962 ceteri
491 2913 585 2947 ‘inter
610 2924 629 2947 e
655 2918 687 2949 et
712 2913 724 2947 i
749 2915 806 2949 hic
831 2919 863 2950 et
883 2920 1009 2959 postea
1032 2919 1213 2960 fluctuant
1232 2920 1242 2962 Η
1263 2917 1462 2952 accersisse
1489 2917 1574 2952 ΡΗ
1597 2919 1607 2962 Η
1639 2920 1694 2951 22.
1722 2917 1769 2950 ab
1796 2915 1980 2961 equitum]
2009 2916 2056 2950 ab

364 2959 585 3002 equitatum,
617 2961 681 2995 ult.
708 2973 745 2994 m
771 2973 877 3004 eras,
904 2963 963 3006 M,
998 2964 1044 2998 ab
1071 2975 1113 2998 eo
1140 2964 1351 3010 quisstum,
1389 2966 1429 2999 ta
1454 2969 1496 3000 ut
1519 2966 1591 3000 vid.
1619 2975 1728 3006 eraS„
1753 2963 1809 3005 H,
1849 2961 1896 2996 ab
1924 2973 1967 2996 eo
1993 2961 2057 3006 qui

364 3005 441 3036 tum
466 3005 547 3039 DF
563 3007 574 3050 Η
593 3010 647 3042 23.
676 3011 729 3042 24.
757 3009 941 3044 occisione
970 3011 1052 3045 FH
1073 3013 1128 3056 (in
1154 3012 1198 3046 H
1214 3024 1273 3056 pr.
1300 3012 1313 3046 i
1339 3014 1379 3047 z'w
1403 3024 1473 3047 7618.
1496 3023 1540 3046 eoe
1559 3023 1593 3054 u,
1619 3015 1661 3045 ut
1679 3011 1750 3045 vid.
1771 3012 1781 3054 Η
1803 3014 1857 3044 27.
1886 3008 2056 3044 deiotha-

364 3061 444 3130 {um
464 3052 509 3131 lg
523 3053 535 3096 Η
555 3056 608 3088 28.
635 3053 711 3088 iam
738 3055 785 3089 ad
811 3067 868 3090 me
894 3056 1106 3092 uenientem
1124 3059 1178 3101 M,
1206 3059 1281 3093 iam
1306 3059 1517 3094 uenientem
1545 3058 1593 3092 ad
1613 3068 1671 3091 me
1692 3057 1782 3100 HD,
1809 3056 1885 3090 iam
1905 3056 2054 3091 uenien-

384 3106 441 3130 cm
