2242 3496
659 206 993 243 EPISTVLARVM
1024 209 1099 244 Vll.
1132 215 1158 244 1.
1185 213 1216 244 2.
1246 215 1276 245 3.
1737 212 1818 252 159

120 313 164 354 in
196 326 290 354 meo
324 313 464 366 capite
491 314 720 357 discrimen
748 320 861 357 esset
889 317 1103 371 habitura,
1138 333 1340 374 magnum
1368 320 1566 374 quiddam
1596 321 1819 374 spectavit,

118 396 196 424 nec
241 397 317 424 sua
362 388 537 440 sponte,
587 387 658 427 sed
710 401 856 428 corum
910 388 1090 441 auxilio,
1142 389 1213 443 qui
1266 405 1332 431 me
1383 394 1525 431 stante
1576 393 1689 431 stare
1733 406 1817 431 non

118 454 337 507 poterant,
370 454 438 496 hic
473 456 668 498 simiolus
701 457 832 498 animi
870 474 998 499 causa
1031 475 1115 514 inc,
1146 460 1189 500 in
1223 475 1349 514 quem
1383 461 1674 514 inveheretur,
1707 461 1816 502 delc-

118 526 241 579 gerat
279 530 635 581 persuaseratque
675 529 892 569 nonnullis
932 529 1086 570 invidis
1128 531 1233 572 meis
1272 546 1315 572 se
1356 532 1396 572 in
1442 547 1508 573 me
1547 531 1814 573 emissarium

83 608 288 649 ⁶semper
313 596 415 637 fore.
473 599 753 651 quamobrem
781 600 901 640 valde
936 600 1061 641 iubeo
1095 602 1278 655 gaudere
1312 606 1372 643 te:
1406 617 1563 657 magna
1594 617 1661 644 res
1694 607 1817 656 gesta

117 667 196 706 est.
245 680 479 720 numquam
507 668 582 709 ulli
610 669 812 710 fortiores
845 669 958 711 cives
990 671 1176 725 fuerunt,
1209 687 1338 726 quam
1371 673 1441 727 qui
1475 674 1567 714 ausi
1594 677 1694 714 sunt
1720 689 1815 715 eum

118 738 270 777 contra
301 738 446 778 tantas
474 752 575 792 opes
609 739 714 794 eius,
746 755 767 780 a
803 754 886 794 quo
921 740 1003 794 ipsi
1039 741 1136 782 lecti
1166 742 1325 784 iudices
1352 747 1486 798 erant,
1518 745 1818 800 condemnare,

119 805 233 860 quod
271 805 476 849 fecissent
513 823 768 863 numquam,
806 810 888 851 nisi
922 811 982 851 eis
1016 811 1153 852 dolori
1193 828 1311 855 meus
1350 814 1504 856 fuisset
1543 815 1676 856 dolor.
1738 831 1816 858 nos

117 875 187 918 hic
226 877 270 919 in
307 877 584 920 multitudine
623 883 666 920 et
705 880 954 921 celebritate
998 881 1253 924 iudiciorum
1299 887 1341 925 et
1385 885 1507 926 novis
1548 886 1716 941 legibus
1755 887 1816 928 itu

66 962 99 987 10
118 946 397 1004 distinemur,
440 952 489 991 ut
534 950 690 991 cotidie
736 954 836 992 vota
880 952 1111 1007 faciamus,
1156 969 1207 994 ne
1254 954 1552 1009 intercaletur,
1596 960 1644 998 ut
1689 972 1816 1011 quam

117 1019 305 1074 primum
337 1024 380 1062 te
413 1020 555 1063 videre
588 1021 819 1075 possimus.

838 1150 913 1192 111.
959 1149 1097 1207 (221.)

579 1244 635 1287 M.
670 1242 881 1287 cronno
916 1244 957 1288 S.
989 1244 1039 1287 D.
1072 1245 1128 1288 M.
1162 1246 1364 1290 MARIO.

236 1337 447 1395 Persaepe
496 1339 602 1381 mihi
651 1339 864 1395 cogitanti
903 1340 953 1381 de
992 1341 1290 1384 communibus
1334 1343 1538 1398 miseriis,
1582 1345 1625 1385 in
1665 1346 1820 1399 quibus

68 1422 100 1448 15
121 1411 190 1451 tot
226 1423 361 1452 annos
407 1424 627 1452 versamur
669 1413 735 1464 et,
779 1413 829 1451 ut
870 1410 1013 1464 video,
1058 1412 1344 1467 versabimur,
1389 1414 1499 1455 solet
1543 1415 1587 1456 in
1632 1419 1820 1457 mentem

117 1480 261 1522 venire
292 1480 410 1522 illius
442 1481 670 1536 temporis,
703 1495 788 1535 quo
820 1481 1014 1534 proxime
1046 1481 1206 1523 fuimus
1239 1498 1340 1538 una,
1380 1484 1484 1537 quin
1516 1485 1645 1526 etiam
1680 1486 1820 1540 ipsum

117 1551 231 1593 diem
269 1551 478 1594 memoria
516 1555 659 1594 teneo:
697 1566 798 1592 nam
836 1566 870 1592 a.
904 1551 942 1592 d.
976 1564 1046 1593 1111
1079 1552 1138 1593 Id.
1172 1552 1271 1594 Mai.
1310 1553 1494 1595 Lentulo
1533 1558 1576 1596 et
1615 1555 1819 1598 Marcello

117 1636 216 1678 cos„
247 1637 345 1665 cum
369 1623 416 1664 in
440 1621 753 1678 Pompeianum
779 1623 947 1677 vesperi
980 1623 1205 1679 venissem,
1237 1627 1286 1665 tu
1317 1624 1424 1666 mihi
1457 1625 1643 1667 sollicito
1676 1627 1819 1668 animo

116 1696 290 1748 praesto
327 1693 469 1748 fuisti3
515 1693 752 1735 sollicitum
797 1696 943 1735 autem
980 1696 1022 1735 te
1060 1694 1250 1736 habebat
1294 1695 1502 1750 cogitatio
1541 1712 1637 1738 cum
1677 1697 1820 1752 officii,

63 1777 98 1803 20
117 1766 211 1806 tum
243 1763 372 1806 etiam
406 1764 587 1820 periculi
619 1765 721 1806 mei:
764 1765 800 1806 si
832 1779 1051 1806 manerem
1083 1765 1127 1806 in
1159 1765 1304 1820 Italia,
1343 1766 1562 1821 verebare,
1592 1782 1644 1808 ne
1678 1768 1819 1809 officio

117 1833 303 1890 dessem3
335 1835 371 1876 si
397 1835 694 1890 proficiscerer
719 1836 772 1877 ad
799 1835 972 1890 bellum,
1003 1836 1243 1890 periculum
1271 1838 1312 1877 te
1340 1851 1483 1878 meum
1510 1839 1820 1879 commovebat.

118 1920 202 1960 quo
235 1909 427 1961 tempore
464 1906 612 1948 vidisti
649 1906 845 1961 profecto
885 1921 951 1948 me
991 1921 1161 1961 quoque
1193 1907 1257 1948 ita
1290 1908 1614 1962 conturbatum,
1656 1911 1704 1950 ut
1734 1924 1820 1950 non

118 1976 395 2032 explicarem,
434 1977 537 2032 quid
569 1980 684 2019 esset
716 1976 931 2032 optimum
962 1977 1098 2032 factu,
1136 1977 1290 2033 pudori
1323 1981 1469 2019 tamen
1502 1978 1635 2020 malui
1666 1979 1821 2021 famae-

119 2061 201 2102 que
234 2047 382 2090 cedere
415 2063 546 2103 quam
578 2048 730 2090 salutis
763 2063 882 2090 meae
910 2048 1123 2090 rationem
1149 2048 1311 2090 ducere.
1364 2049 1484 2090 cuius
1512 2064 1578 2090 me
1606 2051 1690 2092 mei
1716 2050 1820 2092 facti

64 2131 98 2158 25
117 2118 332 2173 paenituit
370 2133 459 2161 non
498 2122 589 2161 tam
628 2122 806 2175 propter
846 2118 1087 2174 periculum
1131 2133 1274 2160 meum
1320 2134 1448 2173 quam
1492 2123 1670 2174 propter
1714 2121 1820 2162 vitia

118 2189 267 2244 multa,
299 2204 407 2244 quae
439 2189 502 2231 ibi
528 2190 696 2245 offendi,
730 2205 814 2245 quo
841 2205 1058 2232 veneram:
1090 2189 1278 2244 primum
1302 2204 1440 2244 neque
1467 2204 1646 2246 magnas
1675 2190 1818 2245 copias

116 2274 254 2315 neque
292 2260 538 2315 bellicosa83
583 2261 733 2303 deinde
778 2264 900 2303 extra
943 2261 1093 2302 ducem
1137 2275 1381 2315 paucosque
1425 2263 1649 2315 praeterea
1679 2285 1737 2291 —
1769 2262 1818 2303 de

118 2330 384 2386 principibus
417 2331 572 2387 loquor
597 2357 656 2362 -
681 2331 837 2387 reliqui
868 2332 1056 2387 primum
1088 2331 1133 2372 in
1164 2332 1258 2386 ipso
1291 2331 1404 2372 bello
1439 2346 1637 2386 rapaceS,
1669 2332 1817 2373 deinde

118 2401 164 2443 in
195 2402 391 2444 oratione
429 2403 493 2444 ita
529 2403 739 2458 crudeles,
776 2406 826 2445 ut
864 2404 1003 2457 ipsam
1041 2401 1268 2443 victoriam
1307 2401 1545 2456 horrerem3
1583 2402 1817 2443 maximum

65 2486 100 2512 3⁰
119 2475 265 2515 autem
301 2487 372 2515 aes
416 2473 603 2516 alienum
649 2474 1015 2528 amplissimorum
1060 2473 1268 2513 virorum:
1313 2472 1414 2527 quid
1453 2472 1651 2526 quaeris?
1708 2472 1815 2513 nihil

118 2544 222 2586 boni
264 2547 436 2599 praeter
481 2559 664 2587 causam.
738 2559 845 2599 quae
891 2559 988 2586 cum
1032 2543 1255 2596 vidissem,
1309 2542 1538 2597 desperans
1589 2543 1817 2585 victoriam

117 2615 306 2669 primum
338 2615 460 2670 coepi
493 2616 670 2658 suadere
702 2630 869 2670 pacem,
901 2615 1020 2656 cuius
1052 2613 1218 2655 fueram
1251 2627 1419 2668 semper
1451 2616 1621 2667 auctor3
1654 2613 1818 2668 deinde,

238 2758 269 2790 1.
295 2753 473 2789 habitura
528 2755 679 2790 aditura
711 2755 931 2798 Lambinus,
969 2752 1139 2787 subitura
1165 2752 1375 2798 IVesenbery
1411 2754 1423 2797 ΙΙ
1460 2756 1492 2787 2.
1528 2754 1626 2786 stare
1658 2764 1723 2787 om.
1750 2753 1787 2788 R
1806 2755 1817 2799 Η

119 2804 151 2837 3.
172 2800 357 2848 simiolus]
386 2803 434 2845 cf.
489 2803 600 2838 haris.
630 2803 673 2838 G.
695 2803 740 2837 L.
761 2801 810 2836 K.
837 2801 911 2846 Ip.
935 2803 1011 2844 108,
1034 2804 1077 2834 26
1103 2800 1180 2835 coll.
1208 2800 1254 2834 ib.
1275 2799 1308 2833 V
1327 2811 1367 2844 p.
1389 2802 1468 2843 591,
1495 2803 1535 2843 8,
1566 2804 1599 2835 et
1625 2800 1816 2836 IVeinhold

121 2871 245 2908 ‘Aron¹
265 2872 292 2916 f.
313 2873 375 2908 ται.
397 2873 604 2918 Lexicoyrff
628 2872 677 2907 iv
692 2884 731 2916 p.
748 2875 825 2907 184.
853 2859 1032 2914 simiolus,
1059 2880 1080 2903 0
1105 2881 1129 2904 a
1147 2881 1192 2904 m.
1215 2873 1245 2913 1,
1272 2869 1325 2914 R,
1358 2868 1554 2904 simnioius
1582 2860 1615 2905 G
1652 2871 1663 2914 n
1701 2869 1815 2904 annm·

118 2929 184 2954 om.
210 2919 247 2954 R
271 2921 284 2964 ΙΙ
312 2920 385 2966 me]
412 2919 486 2955 mei
512 2921 546 2954 Ω
576 2921 588 2964 ΙΙ
619 2923 650 2954 4.
678 2918 816 2953 inuidis
843 2918 934 2952 meis
961 2918 1007 2961 R,
1034 2916 1186 2951 inuidiis
1212 2915 1304 2951 meis
1331 2916 1384 2960 M,
1410 2916 1590 2951 inuidisse
1620 2916 1653 2951 G
1671 2918 1682 2960 ΙΙ
1701 2928 1741 2952 se
1759 2918 1814 2962 M,

119 2965 151 3000 si
175 2965 229 3010 R,
262 2967 327 3002 sed
355 2968 389 3003 G
419 2968 431 3012 ΙΙ
463 2970 494 3002 8.
522 2966 592 3012 eis]
625 2965 682 3000 his
709 2966 807 3008 MR,
840 2965 871 2999 is
900 2965 933 3000 G
963 2966 975 3009 ΙΙ
1007 2968 1038 2999 9.
1066 2963 1264 2999 crebritate
1290 2964 1493 2998 Lambinus
1523 2965 1535 3008 ΙΙ
1568 2967 1621 2998 10.
1655 2963 1814 2999 destine-

118 3023 200 3048 mur
221 3014 293 3049 GR
312 3015 324 3058 ΙΙ
344 3017 398 3049 16.
426 3013 516 3058 quin
536 3025 601 3049 om.
624 3013 696 3049 GR
715 3015 726 3058 ΙΙ
748 3016 800 3047 17.
822 3012 890 3046 ΙῙΙΙ
911 3012 1121 3057 Wesenberg
1147 3013 1193 3055 (et
1213 3011 1399 3057 Kz‘essliny
1422 3022 1511 3046 wius.
1532 3011 1647 3046 Rhew
1667 3010 1812 3047 XXXII.

120 3062 222 3096 1877.
243 3072 282 3105 p.
304 3063 403 3106 636),
429 3061 481 3095 HI
507 3063 542 3095 ,Ω
571 3063 583 3105 Η
616 3064 670 3094 18.
697 3059 877 3094 uenissem
906 3057 1050 3103 uesperi
1076 3057 1111 3093 G
1140 3060 1152 3102 ΙΙ
1185 3062 1238 3093 19.
1265 3060 1302 3092 te
1327 3069 1391 3092 ont.
1422 3057 1493 3093 GR
1523 3059 1535 3101 ΙΙ
1566 3061 1619 3093 21.
1648 3057 1813 3093 deessem

122 3105 194 3143 GR
211 3108 225 3152 ΙΙ
242 3110 299 3144 23.
325 3107 429 3143 factu
453 3120 519 3144 om.
547 3108 722 3152 GR1126.
752 3108 768 3152 Η
797 3106 862 3150 ibi,
890 3110 907 3140 1
929 3106 997 3141 litt.
1024 3117 1084 3149 er„
1110 3106 1156 3140 M
1171 3107 1184 3150 ΙΙ
1203 3109 1258 3141 28.
1285 3105 1415 3149 loquor
1440 3105 1494 3149 M,
1523 3105 1687 3139 locorum
1713 3106 1784 3141 GR
1812 3129 1814 3149 ξ

120 3151 281 3197 reliquos
307 3154 518 3201 Wesenberg]
543 3155 679 3199 aliique

1847 2064 1865 2092 2
