2242 3496
418 150 471 190 78
1017 147 1061 179 Μ.
1090 145 1231 178 TVLLI
1257 144 1507 179 CICERONIS

414 271 613 311 magnam
640 259 807 310 partem
834 253 1081 294 consulatus
1114 252 1189 306 tui,
1222 255 1367 293 tamen
1393 255 1436 293 et
1462 251 1618 293 absens
1645 253 1969 308 cognoscebam,
2003 267 2110 307 quae

413 330 527 368 esset
566 330 641 367 tua
677 326 722 366 in
759 325 840 365 hoc
878 322 1084 376 pestifero
1124 323 1237 363 bello
1271 323 1457 364 cavendo
1491 326 1534 364 et
1565 323 1847 376 praedicendo
1886 324 2110 378 sententia,

413 400 456 438 et
488 398 577 451 ipse
610 395 726 436 adfui
758 393 909 448 primis
949 393 1218 447 temporibus
1250 393 1316 434 tui
1349 393 1616 447 consulatus,
1655 408 1750 435 cum
1789 394 2110 436 accuratissime

414 466 619 508 monuisti
653 467 848 505 senatum
881 463 1086 505 conlectis
1120 463 1320 505 omnibus
1347 463 1473 505 bellis
1501 464 1713 518 civilibus,
1745 467 1793 505 ut
1820 468 1862 506 et
1889 465 1964 506 illa
1988 464 2110 505 time-

413 541 524 591 rent,
566 551 671 590 quae
711 533 1027 588 meminissent,
1067 536 1109 575 et
1148 534 1324 588 scirent,
1363 549 1460 575 cum
1493 534 1735 588 superiores
1772 535 1891 576 nullo
1931 535 2008 576 tali
2046 550 2114 576 ex·
2149 549 2165 574 5

413 608 552 661 emplo
581 608 705 647 antea
735 604 781 645 in
813 619 857 645 re
889 604 1064 658 publica
1090 604 1264 659 cognito
1290 607 1381 646 tam
1408 605 1600 646 crudeles
1627 604 1822 659 fuissent,
1856 606 2112 660 quicumque

413 680 562 731 postea
606 690 696 716 rem
740 675 959 729 publicam
1005 674 1292 729 oppressisset
1337 675 1489 729 armis,
1541 676 1678 717 multo
1729 676 2112 717 intolerabiliorem

413 749 623 800 futurum,
654 761 772 801 nam,
806 747 920 800 quod
946 746 1141 800 exemplo
1175 746 1240 800 fit,
1274 746 1317 786 id
1343 746 1474 787 etiam
1506 746 1597 787 iure
1624 747 1716 788 fieri
1741 749 1909 802 putant,
1941 747 2014 788 sed
2041 747 2114 788 ali-

366 832 374 844 ⁶
414 818 514 872 quid
547 820 676 871 atque
710 818 814 858 adeo
847 817 984 858 multa
1014 817 1175 858 addunt
1201 819 1244 858 et
1270 816 1469 858 adferunt
1495 817 1545 859 de
1572 832 1660 858 suo.
1712 832 1842 871 quare
1869 816 2114 859 meminisse

412 889 539 930 debes
572 903 657 943 eos,
690 889 763 942 qui
796 888 1101 930 auctoritatem
1135 890 1177 929 et
1210 888 1437 929 consilium
1465 890 1587 929 tuum
1619 902 1705 930 non
1738 888 1825 929 sint
1858 888 2005 943 secuti,
2038 903 2116 930 sua
2135 903 2169 928 ιο

412 959 601 1007 stultitia
634 959 859 1014 occidisse,
901 974 998 1001 cum
1037 961 1112 1000 tua
1149 958 1378 1013 prudentia
1411 959 1519 1001 salvi
1553 974 1644 1000 esse
1677 959 1932 1014 potuissent.
1984 958 2115 1000 dices:

413 1029 530 1084 ‘quid
569 1045 636 1071 me
675 1033 743 1072 sta
780 1045 847 1072 res
888 1030 1136 1072 consolatur
1174 1029 1218 1071 in
1260 1030 1394 1070 tantis
1432 1030 1622 1071 tenebris
1655 1033 1698 1071 et
1731 1030 1853 1084 quasi
1891 1029 2115 1085 parietinis

412 1102 473 1143 rei
504 1101 749 1156 publicae?
800 1103 866 1142 est
899 1100 1073 1142 omnino
1111 1100 1182 1141 vix
1225 1100 1501 1142 consolabilis
1535 1100 1657 1142 dolor
1694 1125 1743 1132 —
1778 1103 1901 1142 tanta
1933 1103 1999 1142 est
2030 1115 2116 1142 om-

410 1172 531 1213 nium
575 1186 717 1213 rerum
762 1170 937 1212 amissio
977 1173 1019 1212 et
1057 1170 1300 1224 desperatio
1346 1171 1625 1225 recuperandi
1659 1187 1732 1226 —-;
1778 1172 1851 1213 sed
1890 1174 2037 1213 tamen
2074 1174 2117 1213 et

412 1241 569 1285 Caesar
606 1243 699 1297 ipse
730 1243 793 1284 ita
825 1242 875 1283 de
908 1244 951 1282 te
983 1241 1146 1283 iudicat
1179 1244 1222 1282 et
1253 1256 1400 1283 omnes
1440 1242 1552 1284 cives
1585 1242 1647 1283 sic
1685 1242 1952 1298 existimant,
1991 1242 2114 1297 quasi
2138 1255 2171 1281 15

411 1314 556 1356 lumen
595 1312 769 1368 aliquod
807 1313 1009 1355 extinctis
1048 1312 1202 1354 ceteris
1242 1313 1408 1354 elucere
1448 1313 1723 1354 sanctitatem
1762 1316 1805 1355 et
1842 1313 2117 1368 prudentiam

412 1388 454 1426 et
493 1385 750 1440 dignitatem
789 1387 925 1426 tuam:
970 1383 1076 1425 haec
1113 1383 1195 1425 tibi
1233 1384 1286 1424 ad
1323 1384 1527 1426 levandas
1569 1384 1790 1426 molestias
1829 1398 1987 1439 magna
2025 1398 2117 1425 esse

411 1456 578 1498 debent.
632 1456 746 1510 quod
778 1458 921 1497 autem
956 1470 980 1497 a
1012 1455 1099 1496 tuis
1133 1455 1253 1510 abes,
1290 1455 1333 1496 id
1366 1470 1415 1496 eo
1448 1455 1583 1497 levius
1624 1455 1848 1497 ferendum
1880 1457 1965 1510 est,
2005 1454 2117 1509 quod

411 1528 559 1569 eodem
585 1530 779 1581 tempore
807 1542 832 1568 a
858 1525 1007 1568 multis
1035 1528 1077 1567 et
1104 1525 1272 1581 magnis
1299 1524 1513 1567 molestiis
1541 1526 1662 1582 abes3
1695 1541 1800 1581 quas
1828 1526 1881 1568 ad
1906 1529 1949 1567 te
1977 1524 2117 1567 omnis

411 1597 734 1654 perscriberem,
766 1597 851 1638 nisi
884 1611 1064 1651 vererer,
1096 1611 1149 1637 ne
1183 1611 1231 1638 ea
1264 1610 1545 1652 cognosceres
1572 1611 1737 1652 apsens,
1772 1612 1879 1651 quae
1906 1596 2006 1651 quia
2031 1610 2117 1637 non
2137 1611 2170 1636 20

411 1670 541 1724 vides,
574 1668 680 1710 mihi
714 1668 870 1710 videris
903 1668 1080 1709 meliore
1113 1682 1206 1709 esse
1239 1667 1490 1709 condicione
1524 1682 1652 1722 quam
1684 1683 1777 1723 nos,
1809 1668 1883 1723 qui
1913 1668 2118 1710 videmus.

414 1741 621 1782 hactenus
672 1739 871 1781 existimo
922 1741 1116 1780 nostram
1165 1738 1507 1780 consolationem
1557 1742 1673 1780 recte
1724 1738 1963 1780 adhibitam
2014 1753 2118 1797 esse,

413 1812 552 1865 quoad
597 1811 755 1852 certior
795 1810 847 1851 ab
887 1809 1060 1851 homine
1102 1808 1364 1851 amicissimo
1410 1810 1534 1851 fieres
1574 1809 1634 1850 eis
1676 1810 1727 1851 de
1771 1810 1916 1865 rebus,
1962 1809 2117 1864 quibus

411 1881 544 1924 levari
583 1884 760 1936 possent
798 1881 1024 1922 molestiae
1063 1883 1173 1922 tuae.
1224 1879 1391 1934 reliqua
1430 1883 1531 1922 sunt
1562 1880 1607 1921 in
1639 1883 1681 1921 te
1715 1881 1808 1935 ipso
1841 1895 1978 1935 neque
2011 1880 2118 1921 mihi

412 1953 563 2008 ignota
600 1967 678 1995 nec
711 1952 889 1994 minima
922 1951 1098 2006 solacia,
1137 1954 1186 1992 ut
1227 1951 1400 2006 quidem
1433 1965 1512 2007 ego
1546 1951 1705 2006 sentio,
1743 1952 1880 1993 multo
1913 1951 2116 1992 maxima:
2137 1966 2170 1990 ‘25

413 2038 520 2077 quae
560 2037 640 2079 ego
679 2023 900 2078 experiens
941 2022 1097 2064 cotidie
1131 2022 1192 2063 sic
1224 2023 1380 2076 probo,
1421 2024 1471 2063 ut
1504 2037 1553 2063 ea
1585 2021 1692 2063 mihi
1731 2022 1914 2064 salutem
1953 2022 2117 2063 adferre

413 2094 657 2149 videantur,
690 2097 733 2136 te
760 2097 905 2136 autem
931 2094 984 2135 ab
1012 2093 1139 2134 initio
1167 2093 1323 2135 aetatis
1350 2093 1558 2134 memoria
1584 2096 1710 2135 teneo
1738 2108 1903 2134 summe
1926 2093 2118 2135 omnium

412 2165 709 2206 doctrinarum
748 2165 990 2206 studiosum
1028 2163 1162 2205 fuisse
1196 2163 1442 2218 omniaque,
1486 2178 1594 2218 quae
1633 2179 1657 2206 a
1696 2164 2027 2219 sapientissimis
2065 2164 2117 2205 ad

413 2235 519 2276 bene
546 2235 776 2277 vivendum
801 2236 962 2277 tradita
989 2237 1144 2289 essent,
1179 2249 1346 2276 summo
1374 2235 1516 2276 studio
1545 2249 1731 2289 curaque
1758 2235 1976 2289 didicisse3
2009 2249 2116 2288 quae

413 2307 583 2360 quidem
616 2307 683 2348 vel
716 2307 892 2361 optimis
932 2306 1059 2347 rebus
1093 2308 1136 2346 et
1168 2305 1264 2346 usui
1297 2308 1340 2346 et
1372 2305 1647 2347 delectationi
1687 2320 1778 2347 esse
1816 2308 2010 2360 possent,
2035 2292 2116 2346 'his
2137 2319 2171 2344 30

412 2392 512 2418 vero
545 2378 813 2432 temporibus
845 2378 1054 2419 habemus
1094 2376 1210 2418 aliud
1247 2376 1375 2432 nihil,
1413 2376 1459 2417 in
1498 2391 1582 2431 quo
1621 2377 1957 2431 adquiescamus.
2008 2375 2117 2417 nihil

413 2449 567 2491 faciam
609 2448 844 2490 insolenter
881 2463 1018 2503 neque
1051 2450 1095 2489 te
1134 2447 1213 2489 tali
1251 2448 1317 2489 vel
1357 2447 1537 2490 scientia
1574 2448 1641 2489 vel
1678 2449 1834 2489 natura
1874 2448 2117 2502 praeditum

533 2569 561 2600 1.
597 2565 810 2611 consulltus
844 2564 892 2598 M
917 2566 929 2609 ΙΙ
961 2569 991 2599 2.
1032 2564 1130 2598 esset
1168 2563 1230 2606 M,
1266 2564 1390 2597 essent
1430 2564 1480 2608 G,
1521 2574 1619 2598 esses
1657 2564 1694 2599 R
1731 2566 1742 2609 ΙΙ
1778 2562 2029 2608 praedicando
2069 2563 2111 2598 G.

413 2613 661 2657 praecidendo
688 2613 782 2648 Ross
819 2613 830 2657 ΙΙ
867 2615 897 2646 5.
925 2610 1181 2646 meminissent
1206 2609 1266 2644 Ml
1299 2621 1342 2645 ea:
1367 2610 1459 2644 mihi
1484 2610 1642 2645 inissent
1677 2612 1688 2656 ΙΙ
1727 2615 1756 2645 8.
1786 2611 1851 2645 sed
1877 2611 1939 2654 M,
1971 2610 2043 2655 ipsi
2071 2611 2115 2654 G,

414 2660 492 2704 ipse
519 2660 555 2695 R
592 2662 603 2705 Η
641 2664 671 2694 9.
700 2658 819 2693 multa
854 2670 919 2694 om.
948 2659 982 2694 G
1019 2660 1030 2703 ΙΙ
1069 2661 1122 2693 10.
1152 2657 1226 2691 sint
1255 2657 1353 2701 MR,
1392 2659 1478 2692 sunt
1506 2659 1538 2694 G
1576 2660 1587 2703 Η
1625 2662 1679 2693 12.
1713 2669 1771 2693 me
1804 2657 1877 2703 sta]
1900 2659 2030 2692 ·mesta
2062 2657 2114 2699 M

417 2718 471 2741 me
510 2707 583 2741 ista
623 2707 704 2742 GR.
755 2707 910 2750 formam
939 2707 1143 2751 vulyarem,
1186 2706 1228 2739 de
1266 2716 1339 2749 qua
1375 2718 1405 2740 v.
1444 2705 1661 2741 Lachmann
1691 2707 1740 2740 ad
1770 2706 1881 2741 Luer.
1907 2704 1968 2748 ΙΙΙ,
1990 2707 2058 2737 954
2084 2709 2117 2738 et

415 2755 653 2799 Enyelbreeht
693 2755 800 2789 ‘stud
841 2754 992 2788 Teo-ent?
1028 2752 1203 2797 (Vindob.
1232 2754 1338 2795 1883)
1367 2764 1407 2797 p.
1433 2756 1477 2786 42
1509 2754 1753 2797 recipiendam
1784 2753 1917 2796 putam?
1954 2753 2116 2795 quamvis

415 2802 520 2835 aliter
544 2802 780 2836 sentientibus
806 2801 1003 2835 Biichelero
1036 2799 1234 2844 CGrundr.
1260 2800 1294 2833 d.
1322 2800 1383 2834 lat.
1410 2800 1547 2835 DecW
1568 2812 1606 2845 p.
1629 2801 1687 2845 42>
1713 2803 1745 2834 et
1772 2799 1808 2834 C.
1823 2798 1870 2833 F.
1888 2798 1942 2833 W.
1959 2798 2116 2832 IVIz'cllero

416 2848 526 2891 (‘].·›·1't.
554 2849 715 2883 Bemerk.
741 2859 786 2883 zu
810 2849 911 2882 Ρῐίνιι.
938 2851 1014 2881 wat.
1040 2847 1137 2881 hist.9
1168 2857 1292 2891 prom.
1319 2846 1466 2882 Vratz'sl.
1494 2850 1585 2881 1888
1613 2859 1651 2891 p.
1672 2848 1731 2891 22)
1762 2847 1773 2890 ΙΙ
1803 2844 1997 2889 parietinis
2032 2845 2115 2889 GR,

418 2894 613 2937 pai-tetinis
635 2895 683 2929 Μ
699 2897 709 2939 Η
731 2898 785 2930 15.
814 2894 867 2929 sic
889 2895 971 2937 GR,
999 2893 1029 2927 si
1050 2894 1097 2926 M
1112 2896 1122 2938 ΙΙ
1144 2897 1197 2927 19.
1226 2892 1275 2926 ad
1300 2894 1337 2927 te
1358 2905 1401 2928 ea:
1422 2905 1443 2927 a
1461 2895 1499 2928 te
1519 2895 1585 2928 Me
1604 2895 1615 2938 ΙΙ
1634 2897 1689 2928 21.
1711 2891 1879 2936 meliore]
1906 2891 2037 2925 melior
2055 2894 2090 2926 ,Ω
2111 2894 2113 2932 Ι

418 2944 471 2974 23.
500 2942 602 2975 fieres
629 2942 675 2976 iis
707 2942 752 2976 de
778 2943 833 2987 R,
865 2942 951 2976 flere
978 2940 1009 2974 si
1035 2940 1092 2974 his
1127 2940 1171 2974 de
1197 2940 1258 2983 M,
1292 2940 1378 2995 flere
1413 2941 1457 2975 de
1489 2941 1547 2974 his
1576 2941 1609 2976 G
1640 2941 1651 2984 ΙΙ
1682 2942 1736 2973 25.
1764 2940 1806 2972 ut
1833 2939 1886 2982 R,
1921 2940 1987 2973 aut
2012 2939 2091 2973 MG
2106 2941 2116 2985 1}

418 3001 472 3032 28,
501 2999 624 3033 omnia
650 3011 818 3044 quaeque
845 3000 926 3034 MR
946 3001 957 3043 11
977 3010 998 3032 a
1026 2998 1329 3044 sapientissimis]
1357 3000 1401 3043 cf.
1428 3000 1471 3034 de
1495 3003 1570 3034 wat.
1596 2999 1629 3033 d.
1651 2998 1695 3040 II,
1717 3001 1772 3041 23,
1794 3000 1854 3032 60:
1883 2998 1936 3031 ‘et
1962 3008 1983 3031 a
2004 2997 2115 3032 Grae-

419 3045 497 3078 ciae
533 3046 818 3089 sapientissimis
846 3049 883 3081 et
910 3058 931 3081 a
957 3045 1160 3079 maioribus
1192 3045 1357 3080 nostris'.
1398 3057 1420 3080 a
1453 3057 1529 3090 sap.
1558 3044 1703 3092 (viris)
1731 3044 2117 3092 DIartywsi-Lafflmalj

419 3095 472 3125 30.
501 3093 666 3137 possent}
694 3096 848 3137 possunt
875 3095 995 3139 Kleyn
1024 3096 1076 3137 (p.
1098 3096 1156 3137 30)
1176 3095 1188 3137 Η
1208 3096 1261 3126 31.
1290 3092 1326 3126 in
1354 3104 1426 3136 quo
1453 3093 1537 3136 adq.
1562 3091 1656 3125 nihil
1683 3103 1748 3126 om.
1775 3092 1811 3126 R
