2242 3496
106 951 138 975 10

106 1305 138 1331 15

103 1660 138 1686 20

102 2015 137 2041 25

103 2431 138 2456 30

710 189 1049 225 EPISTVLARVM
1077 189 1135 226 XI.
1162 193 1218 226 27.
1246 194 1300 225 28.
1772 190 1853 231 301

158 297 366 352 amicitia,
411 297 659 345 credidisse;
705 313 804 340 nam
848 301 1018 352 praeter
1054 299 1179 354 haec,
1217 313 1324 353 quae
1364 298 1716 352 commemoravi,
1749 313 1858 352 quae

158 371 321 410 testata
353 372 453 410 sunt
486 372 529 410 et
570 369 790 421 inlustria,
822 369 959 411 habeo
1000 370 1135 410 multa
1174 369 1427 424 occultiora,
1460 384 1566 425 quae
1604 369 1675 410 vix
1713 369 1855 410 verbis

158 440 332 494 exsequi
376 453 564 494 possum.
629 441 772 481 omnia
816 456 881 482 mc
927 444 1001 481 tua
1046 441 1276 494 delectant,
1321 441 1395 482 sed
1440 440 1622 482 maxime
1668 441 1857 481 maxima

159 525 255 553 cum
294 510 398 552 fides
438 511 478 551 in
519 511 727 565 amicitia,
761 511 1006 566 consilium,
1038 511 1248 567 gravItaS,
1291 512 1552 566 constantia,
1590 514 1684 552 tum
1722 512 1853 566 lepos,

157 581 417 636 humanitas,
447 582 630 624 litterae.
693 585 955 637 quapropter
984 607 1035 612 -—
1064 583 1189 624 redeo
1222 598 1335 624 nunc
1368 583 1420 624 ad
1452 583 1670 638 querelam
1693 607 1743 612 —
1774 597 1854 638 ego

157 655 200 694 te
239 653 491 708 suffragium
530 653 682 695 tulisse
722 654 764 693 111
803 653 878 694 illa
916 654 1010 708 lege
1048 654 1236 708 primum
1273 668 1359 695 non
1398 654 1574 708 credidi,
1616 654 1784 708 deiude,
1817 654 1852 695 si

157 724 451 777 credidissem,
495 739 730 778 numquam
767 724 809 765 id
849 724 940 765 sine
981 724 1126 778 aliqua
1163 725 1277 765 iusta
1316 739 1444 766 causa
1482 724 1775 766 existimarem
1814 728 1857 767 te

157 794 323 836 fecisse.
367 795 557 850 dignitas
592 797 666 835 tua
692 794 809 848 facit,
836 797 884 835 ut
911 794 1291 850 animadvertatur,
1318 795 1521 849 quicquid
1547 795 1700 850 facias;
1729 795 1858 838 male-

157 864 348 907 volentia
380 867 524 906 autem
556 864 792 918 hominum,
818 867 867 905 ut
898 865 1106 906 nonnulla
1138 865 1298 919 durius,
1326 880 1454 920 quam
1481 881 1505 907 a
1538 870 1579 907 te
1612 866 1727 908 facta
1756 867 1856 921 sint,

157 934 449 990 proferantur:
489 950 537 976 ea
576 938 623 976 tu
663 935 699 976 si
738 949 824 976 non
861 935 1000 989 audis,
1033 935 1135 989 quid
1173 935 1330 990 dicam,
1368 937 1531 991 nescio3
1570 937 1785 992 equidem,
1818 938 1855 979 si

157 1005 326 1060 quando
371 1006 516 1059 audio,
555 1008 646 1047 tam
690 1005 888 1060 defendo,
927 1020 1056 1060 quam
1101 1021 1168 1047 me
1214 1006 1302 1048 scio
1348 1022 1372 1048 a
1416 1011 1458 1048 te
1497 1010 1648 1049 contra
1686 1008 1855 1063 iniquos

157 1091 276 1120 meos
315 1077 452 1119 solere
491 1077 671 1118 defendi.
734 1076 926 1118 defensio
967 1079 1111 1118 autem
1149 1080 1216 1118 est
1254 1077 1428 1132 duplex:
1467 1078 1551 1119 alia
1589 1082 1708 1130 sunt,
1747 1094 1855 1134 quae

156 1148 321 1203 liquido
352 1162 511 1204 negare
543 1147 724 1202 soleam,
756 1151 805 1189 ut
836 1148 886 1190 de
919 1148 1004 1190 isto
1038 1148 1391 1204 ipso.suffragio3
1434 1149 1537 1203 alia,
1570 1163 1678 1204 quae
1717 1150 1857 1192 defen-

157 1218 255 1260 dam
287 1233 313 1260 a
343 1221 387 1261 te
424 1218 494 1274 pie
531 1217 626 1260 fieri
663 1221 706 1260 et
744 1218 946 1274 humane,
978 1222 1027 1260 ut
1065 1218 1115 1260 de
1155 1219 1376 1261 curatione
1414 1219 1624 1261 ludorum.
1688 1220 1762 1262 sed
1800 1224 1856 1275 te,

156 1289 379 1332 hominem
422 1289 741 1344 doctissimum,
783 1304 871 1331 non
914 1289 1047 1345 fugit,
1091 1289 1128 1331 si
1173 1287 1331 1332 Caesar
1374 1305 1447 1331 rex
1493 1289 1624 1332 fuerit
1658 1315 1707 1322 —-
1744 1293 1858 1347 quod

155 1360 263 1402 mihi
301 1360 475 1416 quidem
511 1361 682 1402 videtur
712 1385 788 1416 —‚
825 1360 871 1402 in
908 1363 1138 1415 utramque
1175 1364 1344 1415 partem
1386 1361 1435 1402 de
1481 1364 1555 1403 tuo
1596 1362 1738 1404 officio
1778 1364 1859 1405 dis-

155 1431 299 1487 putari
330 1446 471 1487 posse,
503 1432 569 1473 vel
601 1432 648 1473 in
679 1447 785 1486 eam,
819 1446 904 1486 qua
936 1445 1015 1487 ego
1050 1431 1166 1473 soleo
1199 1432 1283 1486 uti,
1315 1431 1572 1473 laudandam
1606 1448 1697 1475 esse
1730 1434 1858 1476 fidem

156 1505 201 1545 et
230 1502 545 1545 humanitatem
583 1506 722 1557 tuam,
754 1503 827 1557 qui
866 1503 1051 1544 amicum
1085 1503 1216 1544 etiam
1256 1505 1478 1544 mortuum
1509 1503 1683 1559 diligas,
1715 1505 1782 1546 vel
1814 1505 1859 1546 in

156 1589 268 1629 eam,
306 1589 392 1630 qua
433 1574 629 1616 nonnulli
672 1576 872 1628 utuntur,
910 1573 1158 1615 libertatem
1203 1573 1368 1628 patriae
1412 1574 1527 1616 vitae
1573 1575 1699 1616 amici
1744 1579 1859 1617 ante·

156 1645 411 1700 ponendam.
473 1660 524 1687 ex
555 1644 623 1686 his
656 1645 926 1686 sermonibus
959 1645 1128 1686 utinam
1159 1647 1303 1686 essent
1336 1644 1502 1687 delatae
1543 1646 1595 1687 ad
1633 1649 1675 1688 te
1716 1647 1858 1701 dispu-

157 1715 346 1758 tationes
379 1717 515 1758 meae!
578 1716 655 1757 illa
691 1730 791 1757 vero
825 1716 926 1770 duo,
959 1731 1068 1770 quae
1101 1716 1288 1757 maxima
1326 1719 1427 1758 sunt
1464 1716 1639 1758 laudum
1670 1720 1865 1772 tuarum,

157 1787 252 1842 quis
285 1789 361 1829 aut
391 1786 597 1828 libentius
631 1801 759 1841 quam
792 1801 871 1843 ego
905 1790 1216 1829 commemorat
1253 1789 1328 1828 aut
1367 1787 1567 1842 saepius?
1605 1790 1647 1829 te
1690 1791 1733 1829 et
1770 1803 1858 1830 non

155 1857 417 1912 suscipiendi
448 1858 553 1899 belli
585 1857 722 1899 civilis
756 1858 1065 1913 gravissimum
1091 1861 1312 1900 auctorem
1344 1858 1476 1900 fuisse
1503 1861 1547 1900 et
1573 1859 1856 1901 moderandae

155 1928 375 1984 victoriae,
400 1929 446 1970 in
478 1944 562 1984 quo
596 1930 669 1983 qui
702 1929 809 1970 mihi
839 1944 927 1971 non
953 1929 1255 1985 adsentiretur,
1280 1929 1424 1972 inveni
1449 1930 1677 1972 neminem.
1726 1946 1858 1986 quare

155 1998 294 2041 habeo
333 2000 520 2056 gratiam
558 2000 783 2056 Trebatio,
821 2000 1027 2042 familiari
1064 2004 1233 2056 nostro,
1272 2001 1345 2056 qui
1382 2000 1490 2042 mihi
1528 2001 1646 2043 dedit
1685 2017 1858 2044 causam

155 2070 310 2113 harum
340 2070 597 2126 litterarum,
624 2072 781 2126 quibus
813 2071 898 2113 nisi
931 2072 1174 2127 credideris,
1202 2087 1269 2113 me
1302 2072 1442 2114 omnis
1470 2073 1603 2115 officii
1635 2076 1678 2115 et
1709 2073 1858 2115 huma-

154 2141 308 2183 nitatis
341 2145 560 2197 expertem
591 2143 813 2198 iudicaris3
852 2158 936 2198 quo
974 2157 1052 2184 nec
1090 2143 1197 2184 mihi
1238 2143 1411 2198 gravius
1446 2143 1675 2198 quicquam
1712 2146 1860 2198 potest

156 2227 248 2255 esse
279 2227 356 2255 nec
388 2216 431 2255 te
464 2214 657 2256 alienius.

814 2308 1018 2350 XXVIII.
1069 2306 1206 2364 (339.)

702 2414 919 2457 MATIVS
954 2413 1232 2457 CICERONI
1268 2414 1307 2456 s

274 2519 475 2576 Magnam
511 2520 778 2575 voluptatem
805 2535 855 2562 ex
888 2521 974 2562 tuis
1006 2521 1166 2562 litteris
1194 2521 1298 2576 cepi,
1326 2522 1451 2576 qnod,
1478 2536 1608 2576 quam
1634 2537 1856 2578 speraram

156 2594 285 2646 atque
318 2594 532 2647 optaram,
563 2591 720 2634 habere
759 2595 801 2633 te
834 2592 884 2634 de
924 2607 990 2633 me
1033 2592 1278 2646 opinionem
1317 2593 1518 2649 cognovi3
1557 2593 1607 2635 de
1648 2609 1733 2648 qua
1772 2595 1856 2636 etsi

275 2711 304 2742 1.
333 2707 557 2742 commeraui
582 2707 632 2742 M
645 2709 656 2752 ΙΙ
676 2712 708 2743 2.
734 2707 854 2742 multa
879 2708 970 2750 HD,
997 2707 1114 2743 multo
1141 2708 1188 2742 M
1203 2709 1214 2753 ΙΙ
1234 2712 1264 2743 3.
1291 2708 1458 2744 maxima
1476 2710 1543 2745 del.
1565 2709 1716 2745 Ernesti
1734 2711 1746 2755 ΙΙ
1766 2713 1797 2745 4.
1818 2709 1858 2744 111

154 2766 221 2791 om.
242 2756 286 2790 H
301 2757 313 2801 ss
333 2758 363 2790 6.
391 2755 445 2801 in]
474 2755 518 2789 de
539 2756 633 2790 Boot
657 2756 758 2801 (‘obs.
779 2756 873 2790 erit.’
898 2768 936 2800 p.
958 2756 1028 2800 22).
1067 2757 1148 2800 ipsa
1168 2756 1226 2790 lea:
1246 2756 1390 2791 videtur
1408 2768 1479 2792 esse
1498 2757 1666 2792 Antonia
1689 2757 1858 2792 Cornelia

154 2803 197 2838 de
229 2804 496 2849 permutatione
532 2804 804 2846 provinciarum
842 2803 901 2847 (cf.
929 2802 1046 2838 Ruete
1078 2802 1195 2838 ‘Corin
1225 2802 1311 2838 050?
1340 2814 1378 2848 p.
1401 2806 1445 2837 29
1457 2815 1525 2849 sq„
1565 2804 1607 2839 0.
1629 2804 1675 2838 E.
1698 2803 1858 2840 Schmidt

154 2861 241 2885 arm.
258 2850 348 2895 phil.
369 2851 486 2895 suppl.
507 2850 601 2884 XIII.
630 2853 732 2884 1884.
754 2862 792 2894 p.
815 2853 882 2884 713
893 2862 942 2894 sq.
961 2851 973 2894 ΙΙ
993 2853 1024 2883 9.
1051 2850 1138 2884 sunt
1156 2849 1195 2884 D
1213 2850 1224 2893 ΙΙ
1248 2854 1298 2885 10.
1319 2851 1361 2884 tu
1381 2849 1412 2884 si
1427 2850 1481 2894 M,
1508 2850 1540 2884 si
1560 2851 1601 2884 tu
1621 2851 1702 2885 HD
1721 2852 1732 2893 ΙΙ
1753 2855 1807 2886 11.
1835 2862 1858 2886 a.

154 2899 192 2932 te
218 2897 318 2942 MD,
357 2908 379 2932 a
404 2899 442 2932 te
467 2908 560 2955 eque
588 2898 666 2942 (sic)
694 2897 735 2931 H
763 2899 774 2942 ΙΙ
808 2900 861 2932 13.
888 2896 1047 2942 liquido]
1079 2896 1246 2941 aliquido
1273 2898 1334 2942 M,
1367 2896 1568 2942 aliquando
1594 2898 1656 2942 H,
1690 2898 1758 2944 ati]
1792 2900 1859 2944 (sie

154 2957 244 3002 fere)
268 2956 307 2991 D
343 2958 355 3001 11
393 2956 438 2992 de
463 2956 544 3001 ipso
571 2955 643 2991 isto
671 2956 715 2991 H
747 2958 759 3001 Η
797 2959 851 2991 14.
879 2957 921 2990 ut
946 2955 1199 2990 decuriatione
1226 2956 1275 2990 M
1306 2958 1317 3001 u
1355 2960 1410 2991 ²30.
1442 2955 1500 2990 his
1533 2967 1620 3002 ergo
1654 2967 1761 2992 serm.
1788 2957 1834 2992 H
1847 2958 1859 3003 ΙΙ

156 3007 212 3039 25.
238 3003 417 3038 familiari
442 3006 569 3039 nostro
595 3003 757 3038 trebatio
782 3003 822 3037 D
840 3005 851 3048 Η
871 3006 926 3038 26.
953 3014 1011 3037 me
1040 3004 1135 3047 MD,
1163 3013 1245 3038 ame
1268 3004 1310 3038 H
1328 3005 1414 3049 1127.
1436 3004 1639 3050 expertem]
1667 3014 1778 3050 exper
1803 3005 1858 3049 M,

157 3061 287 3096 expers
313 3051 394 3086 HD
418 3053 430 3096 ΙΙ
455 3055 511 3088 28.
538 3062 605 3086 nec
630 3053 667 3086 te
694 3050 795 3095 ΜΗ,
827 3061 894 3085 nec
921 3061 943 3084 a
968 3052 1005 3085 te
1030 3050 1069 3084 D
1093 3053 1104 3096 ΙΙ
1130 3054 1184 3085 30.
1211 3052 1254 3086 de
1279 3051 1399 3086 Matio
1430 3052 1575 3097 eiusque
1605 3052 1672 3086 hae
1702 3053 1859 3097 epistula

157 3098 308 3134 breviter
344 3099 516 3134 disseruit
552 3100 584 3134 I.
612 3098 661 3133 H.
690 3097 851 3133 Sehmalz
887 3098 1082 3133 ‘comment
1110 3097 1310 3141 Wolfflin?
1345 3099 1462 3144 (Lips.
1491 3100 1598 3143 1891)
1631 3110 1669 3143 p.
1696 3102 1765 3134 269
1778 3102 1850 3146 sq.!

159 3148 214 3180 31.
242 3145 370 3192 quam]
396 3157 479 3181 cum
506 3146 602 3190 ΜΠ,
629 3148 821 3190 tamquam
848 3145 886 3180 D
