2242 3496
509 194 843 229 El‘ls'rvmlwm
875 195 967 230 Xlll.
996 201 1050 230 5⁸.
1079 200 1132 230 59.
1162 200 1216 231 «30.
1246 200 1300 230 ⁴31.
1329 201 1383 232 ‹3:2.
1412 200 1466 232 ⁴33.
1751 198 1836 238 375)

840 338 952 380 LXI.
999 338 1139 395 (108.)

494 432 550 473 M.
579 430 791 475 CICERO
828 432 868 475 S.
901 433 951 475 D.
984 433 1027 474 P.
1064 433 1216 476 SILIo
1251 433 1364 475 PRo
1395 433 1482 476 PR.

255 526 300 567 T.
330 526 483 568 Pinnio
518 527 853 570 familiarissime
886 543 952 570 me
986 543 1109 569 usum
1144 543 1236 570 csse
1270 529 1378 570 scire
1411 532 1452 570 te
1486 529 1688 583 arbitror,
1722 531 1836 583 quod

136 598 309 652 quidem
343 597 414 640 ille
449 601 709 640 testamento
743 599 989 651 declaravit,
1022 599 1095 654 qui
1129 615 1194 641 me
1223 615 1319 642 cum
1346 603 1549 655 tutorem,
1581 603 1674 641 tum
1707 600 1836 642 etiam

99 668 369 710 ssecundum
403 669 601 711 heredem
641 669 894 710 instituerit.
951 671 1041 711 eius
1080 670 1169 711 filio
1211 671 1315 712 mire
1356 672 1549 713 studioso
1589 674 1631 713 et
1670 672 1836 713 erudito

80 1037 112 1061 10

135 742 178 781 et
216 739 412 781 modesto
450 740 675 794 pecuniam
712 738 972 782 Nicaeenses
1019 741 1224 795 grandem
1270 741 1444 795 debent,
1489 742 1540 782 ad
1586 742 1837 784 sestertium

135 810 377 865 octogiens,
423 814 483 864 et,
527 814 576 851 ut
615 811 760 865 audio,
805 811 847 851 in
886 810 1037 864 primis
1077 811 1115 851 ei
1155 811 1305 852 volunt
1348 811 1522 852 solvere.
1585 814 1836 867 pergratum

134 881 270 936 igitur
302 881 409 922 mihi
441 881 613 933 feceris,
647 880 850 935 quoniam
883 896 970 922 non
1002 881 1128 922 modo
1162 881 1317 935 reliqui
1350 885 1533 936 tutores,
1578 883 1650 937 qui
1683 883 1836 937 sciunt,

135 950 285 1006 quanti
318 966 385 993 me
418 951 565 1006 facias,
597 952 670 993 sed
703 951 835 992 etiam
866 966 972 1006 puer
1003 951 1094 1006 ipse
1129 952 1212 993 sibi
1244 952 1461 1006 persuasit
1492 955 1535 993 te
1569 954 1713 995 omnia
1742 969 1835 995 mea

134 1036 262 1063 causa
294 1021 510 1064 facturum
544 1037 648 1076 esse,
683 1023 718 1063 si
746 1022 910 1063 dederis
939 1037 1126 1076 operam,
1160 1023 1300 1077 quoad
1327 1026 1402 1064 tua
1427 1009 1532 1064 fides
1559 1024 1834 1079 dignitasque

133 1092 339 1148 patietur,
370 1095 418 1134 ut
451 1108 579 1147 quam
610 1093 844 1147 plurimum
877 1093 1083 1148 pecuniae
1117 1093 1271 1135 Pinnio
1305 1094 1500 1136 solvatur
1530 1093 1834 1137 Nicaeensium

130 1176 315 1205 nomme.

822 1234 956 1276 LXII.
1009 1233 1147 1292 (109.)

494 1329 550 1371 M.
579 1327 788 1371 CICERO
823 1328 864 1371 S.
897 1329 949 1371 D.
982 1330 1025 1371 P.
1062 1328 1212 1371 SILIO
1247 1328 1360 1371 PRO
1392 1329 1479 1372 PR.

249 1424 308 1466 Et
345 1425 389 1465 in
428 1424 538 1466 Atili
582 1423 846 1480 negotiote
894 1425 1032 1466 amavi
1071 1449 1129 1454 —
1168 1439 1265 1466 cum
1311 1424 1424 1466 enim
1470 1439 1564 1467 sero
1609 1427 1833 1480 venissem,

130 1497 275 1537 tamen
305 1495 538 1538 honestum
571 1495 762 1550 equitem
794 1495 843 1537 R.
877 1496 1085 1537 beneficio
1120 1497 1195 1537 tuo
1229 1496 1477 1537 conservavi
1504 1521 1573 1551 —,
1600 1499 1643 1538 et
1671 1497 1833 1538 meher-

129 1566 221 1608 cule
266 1581 434 1621 semper
479 1566 540 1608 sie
586 1567 629 1607 in
677 1566 820 1608 animo
866 1566 1019 1620 habui,
1064 1569 1106 1607 te
1150 1566 1195 1607 in
1238 1580 1334 1608 meo
1379 1581 1475 1607 aere
1520 1581 1612 1608 esse
1656 1570 1834 1622 propter

128 1635 305 1679 Lamiae
338 1637 478 1679 nostri
512 1636 859 1679 coniunctionem
893 1640 936 1678 et
966 1637 1230 1693 singularem
1261 1637 1634 1679 necessitudinem.
1685 1638 1832 1693 itaque

128 1707 316 1762 primum
350 1708 433 1749 tibi
465 1722 547 1763 ago
581 1708 764 1763 gratias,
807 1708 920 1763 quod
959 1723 1026 1749 me
1066 1708 1183 1749 omni
1221 1708 1423 1749 molestia
1459 1708 1636 1763 liberas,
1681 1709 1831 1751 deinde

75 1796 90 1819 ·.›
129 1778 394 1833 impudentia
432 1794 689 1834 prosequor,
734 1779 807 1820 sed
845 1779 959 1820 idem
1003 1778 1187 1820 sarciam
1218 1803 1277 1808 —
1311 1782 1354 1820 te
1399 1778 1513 1820 enim
1558 1794 1726 1834 semper
1770 1780 1831 1822 sic

129 1849 268 1891 colam
294 1852 337 1891 et
364 1850 519 1892 tuebor
544 1853 593 1891 ut
619 1864 745 1904 quem
766 1849 1097 1905 diligentissime
1120 1865 1192 1890 -ε
1222 1849 1444 1903 Quintum,
1468 1849 1649 1891 fratrem
1676 1865 1830 1906 meum,

127 1919 164 1961 si
204 1935 271 1962 me
312 1920 476 1976 diligis,
521 1936 570 1963 eo
608 1935 786 1963 numero
825 1935 927 1962 cura
963 1923 1013 1961 ut
1049 1920 1227 1975 habeas,
1273 1935 1357 1975 quo
1396 1935 1481 1962 me:
1525 1920 1588 1962 ita
1625 1935 1830 1977 magnum

128 1990 383 2033 beneficium
415 1994 539 2033 tuum
571 2006 731 2047 magno
767 1991 937 2033 cumulo
971 1990 1152 2033 auxeris.

807 2110 980 2165 LXIII?
1009 2120 1146 2176 (119.)

488 2215 544 2258 M.
572 2214 782 2258 CICERO
816 2215 857 2257 S.
889 2215 941 2257 D.
971 2214 1016 2256 P.
1051 2214 1203 2258 SILIO
1237 2214 1349 2256 PRo
1382 2214 1469 2257 PR.

247 2310 348 2352 Non
381 2311 529 2366 putavi
561 2310 655 2352 fieri
686 2324 831 2365 posse,
869 2312 918 2351 ut
949 2310 1056 2351 mihi
1088 2310 1220 2352 verba
1257 2310 1447 2364 dessent,
1488 2310 1561 2351 sed
1600 2312 1746 2352 tamen
1784 2311 1830 2352 in

130 2381 187 2423 M.
213 2381 375 2424 Laenio
409 2382 747 2424 commendando
787 2381 958 2435 derunt3
999 2380 1145 2435 itaque
1183 2396 1274 2422 rem
1311 2380 1393 2422 tibi
1431 2395 1641 2436 exponam
1678 2382 1828 2436 paucis

130 2452 291 2507 verbis,
335 2453 408 2494 sed
446 2456 609 2507 tamen,
652 2455 701 2494 ut
737 2453 865 2507 plane
903 2452 1143 2507 perspicere
1182 2451 1322 2506 possis
1365 2451 1630 2493 voluntatem
1675 2466 1826 2494 meam.

131 2523 381 2565 incredibile
414 2527 497 2578 est,
543 2524 693 2578 quanti
724 2523 933 2565 faciamus
972 2525 1015 2564 et
1053 2537 1133 2578 ego
1171 2525 1215 2564 et
1252 2522 1388 2564 frater
1427 2537 1565 2578 meus,
1609 2522 1682 2577 qui
1720 2523 1826 2565 mihi

1177 2608 1196 2625 Ο

248 2642 279 2673 2.
309 2638 392 2674 sillo
420 2640 471 2683 H,
498 2639 595 2674 sillio
622 2639 660 2674 D
679 2641 690 2685 [1
710 2643 741 2674 4.
769 2639 833 2684 qui
859 2639 914 2684 M,
941 2650 1024 2674 cum
1051 2639 1130 2674 HD
1149 2642 1160 2685 ΙΙ
1181 2642 1211 2674 5.
1240 2638 1370 2686 (mei)
1397 2638 1488 2674 mire
1516 2638 1684 2673 studioso
1708 2639 1830 2675 Orelli.

130 2690 168 2721 at
193 2688 239 2730 cf.
265 2686 360 2730 XIV,
383 2690 414 2729 1,
436 2690 474 2722 2:
515 2686 562 2720 ‘si
586 2686 785 2722 Lentulum
810 2688 890 2721 tam
916 2686 1141 2729 studiosum,
1168 2697 1281 2731 quam
1305 2686 1468 2730 videtur,
1503 2686 1748 2731 (habemus)’,
1784 2687 1834 2722 (ιά

130 2734 206 2768 Ate.
230 2733 274 2777 X,
295 2737 349 2777 15,
370 2737 408 2769 4:
439 2733 628 2768 ‘Vettieno
654 2734 767 2768 velim
793 2734 947 2779 gratias,
975 2734 1074 2778 quod
1102 2733 1290 2768 studiosus
1317 2734 1403 2775 est’,
1429 2735 1493 2768 ubi
1512 2745 1586 2768 mm
1607 2738 1656 2768 est
1676 2745 1741 2768 cm·
1760 2733 1833 2768 mei

130 2792 210 2816 cum
236 2781 367 2816 Bootio
394 2782 601 2832 inseratur„
634 2793 665 2816 v.
692 2783 800 2816 etiam
825 2793 937 2826 supra
963 2793 1039 2816 var.
1066 2782 1188 2825 script.
1217 2781 1266 2815 acl
1290 2792 1342 2825 ep.
1369 2780 1453 2824 XII,
1475 2783 1531 2825 30,
1552 2784 1572 2814 5
1611 2782 1622 2825 ΙΙ
1661 2784 1691 2814 7.
1718 2780 1752 2814 ei
1778 2781 1832 2826 M,

131 2864 169 2898 et
193 2863 242 2907 D,
270 2874 335 2899 om.
363 2864 406 2897 Η
423 2865 433 2907 ΙΙ
454 2868 484 2898 8.
512 2828 639 2907 111ὶῖ1111
665 2875 688 2897 α
713 2864 761 2897 M
766 2863 773 2884 ¹
799 2864 852 2897 vel
877 2864 954 2906 1110,
980 2863 1030 2897 M
1043 2863 1054 2905 ss
1077 2865 1130 2897 10.
1158 2861 1304 2896 dederit
1325 2862 1370 2896 H
1385 2863 1395 2906 ΙΙ
1417 2866 1470 2897 11,
1497 2861 1698 2906 plurimum
1722 2873 1832 2907 pecu-

129 2910 215 2945 niae
241 2911 456 2956 (peccuniae
483 2911 546 2953 M)
573 2911 676 2954 MH,
708 2909 868 2954 primum
899 2908 1058 2954 pecunia
1084 2909 1122 2944 D
1146 2911 1158 2954 ΙΙ
1184 2908 1351 2943 soluatur
1375 2908 1503 2953 pinnio
1530 2909 1568 2943 D
1595 2911 1606 2952 {l
1636 2912 1690 2944 17.
1716 2909 1833 2944 habui

130 2960 168 2993 te
193 2958 250 3001 M,
274 2959 312 2993 te
337 2957 454 2993 habui
480 2958 560 2992 HD
579 2960 591 3002 ΙΙ
618 2961 670 2992 19.
698 2956 868 2991 liberasti
893 2958 962 2991 alii
986 2958 997 3001 ΙΙ
1027 2960 1081 2991 21.
1108 2958 1151 2990 ut
1175 2967 1285 3000 quem
1311 2955 1374 2991 dil.
1402 2956 1451 2990 M
1478 2957 1536 2999 (cf.
1563 2955 1665 2991 Dahl
1693 2957 1741 2991 (ἀ.
1769 2957 1831 2992 lat.

133 3006 297 3040 Partikel
324 3006 384 3040 Ut’
415 3006 615 3041 Christian.
638 3008 727 3038 1882
750 3016 787 3049 p.
812 3006 905 3048 106),
932 3005 974 3038 ut
998 3014 1111 3047 quam
1137 3002 1200 3038 djl.
1228 3003 1308 3037 ΙΙΙ)
1326 3004 1337 3046 ΙΙ
1358 3002 1550 3048 Quintum]
1579 3002 1618 3044 Q.
1647 3003 1705 3047 H,
1731 3007 1764 3038 et
1788 3015 1833 3039 ex

131 3062 202 3096 que
227 3051 276 3096 D,
303 3063 374 3096 que
399 3053 448 3087 M
462 3054 474 3098 ΙΙ
493 3056 549 3088 26.
577 3052 749 3087 deessent
772 3051 851 3086 HD
869 3052 881 3096 11
900 3055 955 3085 27.
982 3050 1031 3085 M.
1052 3050 1184 3094 Aldus,
1210 3061 1238 3085 c.
1263 3052 1303 3084 Ψ
1318 3051 1330 3094 11
1350 3049 1499 3096 derunt]
1528 3049 1684 3084 deerunt
1703 3050 1746 3085 Κ
1750 3051 1832 3097 leym

132 3102 186 3144 (p.
208 3100 279 3143 19),
299 3099 434 3134 desunt
456 3102 495 3135 Ψ
510 3101 522 3144 ΙΙ
542 3103 596 3135 28.
618 3099 683 3134 sed
703 3098 920 3147 1011101111ὲο
939 3099 965 3134 t.
986 3098 1202 3141 Lambinus,
1224 3096 1276 3132 sie
1297 3098 1322 3131 t.
1343 3097 1492 3143 Benyel,
1511 3097 1577 3132 del.
1599 3097 1649 3132 H.
1665 3098 1711 3133 A.
1728 3098 1832 3133 Koch

132 3145 285 3192 (Philol.
306 3146 400 3182 Am.
425 3147 459 3182 V
480 3159 516 3192 p.
539 3148 622 3192 161)
