2242 3496
376 161 459 202 382
969 153 1016 186 M.
1044 149 1184 184 TVLLI
1210 147 1459 182 CICERONIS

376 266 737 309 existimationem
769 266 901 303 tuam:
934 258 1047 313 quod
1080 270 1159 311 ego
1191 255 1228 296 si
1258 255 1504 308 arbitrarer,
1534 268 1771 308 numquam
1796 257 1838 296 te
1865 268 2064 309 rogarem

376 338 564 391 mihique
597 339 671 376 tua
702 334 815 374 fama
846 329 982 371 multo
1016 326 1234 380 antiquior
1266 327 1392 379 esset,
1423 338 1552 378 quam
1577 324 1653 365 illa
1677 325 1949 367 necessitudo
1977 327 2062 378 est3

377 408 448 449 sed
480 407 585 447 mihi
617 406 677 445 ita
708 401 939 457 persuadeo
966 421 1024 427 -—
1049 399 1195 451 potest
1227 395 1331 449 fieri,
1364 397 1412 435 ut
1444 393 1571 435 fallar
1598 419 1666 450 ——,
1697 409 1791 436 eam
1823 410 1914 437 rem
1948 395 2066 437 laudi

376 477 453 518 tibi
487 476 628 530 potius
663 488 789 527 quam
822 468 1129 524 vituperationi
1161 467 1264 508 fore.
1322 465 1423 519 quid
1453 464 1548 505 fieri
1578 465 1717 519 possit
1756 469 1798 506 et
1834 466 1934 520 quid
1973 480 2066 507 mea

376 562 501 588 causa
527 546 661 586 facere
687 541 827 596 possis
860 565 907 569 —
935 555 1047 593 nam,
1081 538 1184 592 quin
1210 536 1328 590 velis,
1353 550 1439 577 non
1466 535 1617 576 dubito
1650 560 1714 591 —,
1745 535 1886 590 velim,
1918 536 1954 577 si
1985 536 2066 588 tibi
2104 546 2120 571 5

375 632 501 672 grave
533 630 619 656 11011
651 613 744 667 erit,
776 611 1003 653 certiorem
1035 623 1101 650 me
1133 608 1276 649 facias.

1043 784 1238 826 LXXIV.
1280 781 1387 841 (12.)

704 895 759 936 M.
792 892 1002 936 cIcERO
1039 892 1086 941 0.
1118 889 1391 932 PHILIPPO
1423 889 1655 933 PROOOs.
1689 889 1728 932 s.

488 1002 583 1043 Etsi
614 1015 700 1042 non
732 1000 881 1041 dubito
914 1014 990 1053 pro
1026 1002 1100 1039 tua
1132 999 1177 1039 in
1208 1012 1275 1039 me
1308 998 1582 1052 opservantia
1613 1012 1776 1052 proque
1814 999 1965 1038 nostra
1994 1011 2065 1038 ne-

372 1073 644 1126 cessitudine,
690 1071 791 1125 quin
834 1069 1249 1112 commendationem
1287 1083 1427 1109 meam
1466 1068 1675 1110 memoria
1712 1064 1878 1122 teneas,
1920 1071 2066 1109 tamen
2085 1078 2119 1103 10

372 1143 501 1185 etiam
533 1150 657 1197 atque
690 1142 819 1183 etiam
852 1141 1030 1182 eundem
1063 1140 1145 1181 tibi
1170 1139 1215 1180 L.
1243 1139 1443 1194 Oppium,
1473 1139 1732 1180 familiarem
1758 1154 1913 1189 meum,
1946 1153 2066 1193 prae-

373 1217 535 1255 sentem
562 1216 604 1254 et
629 1212 673 1253 L.
700 1212 876 1268 Egnati,
907 1210 1235 1252 familiarissimi
1261 1211 1357 1265 mei,
1384 1209 1573 1264 apsentis
1599 1210 1777 1265 negotia
1804 1210 2065 1252 commendo.

371 1287 491 1325 tanta
522 1283 628 1324 mihi
661 1298 757 1325 cum
790 1297 839 1323 eO
870 1282 1141 1324 necessitudo
1182 1284 1248 1323 est
1280 1281 1657 1336 familiaritasque,
1698 1283 1765 1333 ut,
1804 1280 1840 1322 si
1873 1295 1968 1322 mea
1998 1295 2065 1322 res

370 1358 500 1408 esset,
531 1369 618 1396 non
651 1353 788 1409 magis
820 1353 1080 1407 laborarem3
1120 1355 1382 1407 quapropter
1420 1351 1720 1408 gratissimum
1756 1351 1864 1392 mihi
1901 1351 2067 1406 feceris,

371 1425 406 1465 si
439 1425 618 1478 curaris,
656 1427 705 1465 ut
736 1424 772 1465 is
805 1424 1032 1479 intellegat
1069 1439 1136 1465 me
1176 1439 1200 1464 a
1239 1426 1281 1464 te
1319 1426 1492 1465 tantum
1530 1423 1683 1477 amari,
1728 1425 1938 1478 quantum
1974 1422 2066 1477 ipse
2087 1431 2120 1456 15

371 1496 586 1537 existimo:
627 1495 708 1536 hoc
746 1494 852 1536 mihi
891 1494 1057 1550 gratius
1096 1494 1235 1536 facere
1273 1493 1383 1535 nihil
1420 1496 1562 1549 potes,
1600 1494 1727 1548 idque
1764 1496 1814 1535 ut
1850 1493 1984 1536 facias
2022 1496 2065 1534 te

369 1569 584 1608 vementer
616 1579 734 1621 rogo.

1048 1671 1217 1714 LXXV.
1266 1670 1377 1729 (73.)

695 1778 749 1820 M.
784 1776 996 1820 CICERO
1030 1778 1076 1821 T.
1108 1778 1261 1821 TITIO
1294 1779 1340 1820 T.
1373 1779 1417 1820 F.
1448 1778 1577 1820 LEG.
1611 1777 1652 1820 8.
1684 1778 1735 1821 D.

486 1885 582 1926 Etsi
614 1899 700 1926 non
732 1885 900 1940 dubito,
942 1885 1046 1939 quin
1078 1885 1191 1939 apud
1222 1888 1264 1926 te
1298 1900 1393 1927 mea
1426 1885 1741 1927 commendatio
1780 1885 1921 1939 prima
1958 1884 2064 1926 satis
2085 1899 2120 1924 20

370 1956 525 2008 valeat,
569 1958 713 1997 tamen
752 1970 965 2010 opsequor
1005 1955 1173 1997 homini
1210 1955 1568 2011 familiarissimo,
1608 1954 1653 1998 O.
1680 1954 1864 1998 Avianio
1897 1955 2065 2011 Flacco,

369 2026 486 2067 cuius
520 2041 646 2068 causa
679 2028 822 2068 omnia
855 2042 951 2069 cum
985 2027 1124 2082 cupio,
1155 2030 1249 2068 tum
1283 2027 1523 2068 mehercule
1556 2027 1687 2068 etiam
1718 2027 1869 2068 debeo:
1903 2027 1953 2068 de
1980 2041 2064 2081 quo

369 2100 410 2138 et
451 2112 650 2151 praesens
696 2101 837 2140 tecum
882 2099 952 2153 egi
996 2098 1244 2154 diligenter,
1288 2114 1385 2140 cum
1422 2101 1471 2140 tu
1508 2097 1615 2139 mihi
1655 2096 1966 2140 humanissime
2004 2113 2065 2139 re-

369 2168 595 2223 spondisti,
634 2172 676 2209 et
708 2170 861 2224 scripsi
893 2170 944 2211 ad
977 2172 1019 2211 te
1053 2173 1249 2212 accurate
1283 2173 1425 2225 antea,
1468 2170 1542 2211 sed
1578 2171 1705 2224 putat
1742 2169 1950 2210 interesse
1988 2184 2065 2210 sua

368 2253 433 2279 me
467 2240 517 2280 ad
549 2242 591 2281 te
625 2255 751 2295 quam
785 2240 1034 2295 saepissime
1067 2241 1269 2295 scribere,
1314 2255 1444 2295 quare
1477 2240 1606 2282 velim
1638 2239 1745 2281 mihi
1775 2239 1995 2295 ignoscas,
2028 2239 2064 2281 si
2085 2251 2119 2278 25

368 2309 483 2351 illius
522 2311 733 2352 voluntati
775 2314 1075 2366 optemperans
1114 2312 1255 2353 minus
1294 2312 1471 2353 videbor
1509 2311 1755 2353 meminisse
1795 2310 2065 2352 constantiae

370 2382 482 2420 tuae:
519 2395 542 2420 a
574 2383 615 2421 te
648 2381 761 2422 idem
792 2381 899 2423 illud
930 2385 1043 2437 peto,
1077 2386 1124 2424 ut
1150 2383 1200 2424 de
1227 2383 1333 2438 loco,
1368 2397 1452 2437 quo
1486 2383 1683 2437 deportet
1714 2381 1992 2436 frumentum,
2024 2383 2067 2423 et

370 2449 418 2491 de
451 2453 642 2505 tempore
676 2452 859 2494 Avianio
893 2453 1158 2509 commodes,
1190 2468 1374 2508 quorum
1405 2456 1637 2508 utrumque
1670 2468 1746 2507 per
1785 2453 1967 2494 eundem
1999 2467 2065 2494 me

370 2520 557 2574 optinuit
583 2521 826 2577 triennium,
860 2524 960 2565 dum
987 2524 1216 2579 Pompeius
1244 2524 1317 2566 isti
1342 2524 1519 2580 negotio
1545 2523 1745 2580 praefuit.
1794 2539 1962 2565 summa
1987 2525 2066 2578 est,

370 2590 413 2630 in
452 2606 534 2645 quo
580 2593 685 2633 mihi
731 2594 1027 2648 gratissimum
1070 2595 1211 2637 facere
1255 2595 1414 2650 possis,
1460 2596 1496 2637 si
1535 2595 1715 2649 curaris,
1759 2597 1808 2635 ut
1845 2594 2065 2648 Avianius,
2085 2607 2119 2632 30

371 2662 573 2714 quoniam
605 2677 649 2703 se
683 2678 706 2704 a
738 2678 805 2705 me
838 2665 972 2706 amari
1004 2668 1148 2720 putat,
1180 2681 1247 2707 me
1281 2682 1305 2707 a
1337 2669 1378 2708 te
1419 2666 1555 2708 amari
1593 2666 1720 2708 sciat:
1759 2664 1841 2707 erit
1877 2665 1920 2706 id
1959 2664 2067 2706 mihi

370 2735 630 2787 pergratum.

490 2864 519 2895 1.
545 2863 581 2895 te
609 2873 672 2896 om.
701 2862 744 2896 H
770 2864 782 2907 Η
813 2866 845 2897 2.
872 2864 929 2897 est
953 2875 1019 2898 om.
1046 2864 1091 2898 H
1116 2866 1127 2909 Η
1158 2867 1191 2900 4.
1220 2864 1507 2909 uituperationis
1535 2865 1584 2898 M
1597 2866 1608 2909 Η
1633 2863 1754 2909 possit
1778 2875 1822 2898 επ
1845 2863 1973 2907 posset
1999 2863 2067 2907 (vel

373 2909 509 2951 eontra)
531 2908 575 2941 H
579 2908 598 2951 ¹,
625 2911 750 2953 posset
769 2910 818 2944 M
832 2912 843 2953 Η
863 2914 893 2945 5.
915 2911 1020 2956 quin]
1042 2911 1133 2954 quid
1156 2913 1195 2946 Ψ
1211 2914 1222 2957 Η
1244 2916 1298 2947 10.
1325 2912 1543 2947 memoriam
1561 2913 1616 2953 M,
1643 2911 1711 2945 -rie
1730 2911 1770 2946 D
1793 2912 1805 2955 Η
1832 2913 1885 2944 12.
1911 2909 2067 2955 Egnatii
2123 2939 2127 2942 ,

373 2953 440 2986 alii
476 2955 487 2996 Η
525 2957 577 2989 13.
604 2955 695 2989 mihi
721 2957 821 3000 MD,
856 2956 952 2991 enim
984 2957 1077 2991 mihi
1103 2959 1148 2992 H
1180 2960 1190 3003 Η
1230 2962 1284 2993 14.
1312 2959 1403 2993 mihi
1429 2971 1495 2995 om.
1523 2959 1568 2994 H
1599 2960 1610 3003 Η
1649 2961 1703 2992 16.
1728 2956 1825 2991 1111111
1849 2956 1971 2991 facere
1998 2957 2067 3003 ΗΗ

376 3001 428 3032 17.
454 3000 689 3051 uehementer
714 3003 793 3037 HI)
813 3007 822 3047 Η
844 3008 897 3038 21.
926 3004 1061 3038 aniano
1088 3005 1133 3039 H
1147 3006 1158 3049 Η
1178 3010 1232 3040 22.
1261 3006 1368 3051 cupio
1397 3035 1402 3041 .
1427 3035 1433 3041 .
1456 3035 1462 3042 .
1491 3005 1624 3050 debeo]
1651 3005 1697 3047 cf.
1723 3005 1819 3039 Boot
1844 3004 1893 3038 ad
1920 3003 1991 3039 Cic.
2019 3005 2068 3039 ad

374 3045 449 3079 Ait.
469 3046 545 3098 LV,
567 3051 597 3090 3,
619 3053 637 3081 ’2
658 3051 670 3093 Η
689 3053 743 3084 27.
771 3050 856 3084 illut
881 3052 929 3085 M
944 3053 954 3095 Η
974 3053 1015 3085 ut
1039 3051 1131 3099 <et>
1160 3052 1204 3087 de
1231 3052 1311 3087 loco
1338 3054 1542 3088 Lambmus
1566 3053 1578 3096 Η
1606 3051 1695 3097 qUO]
1722 3050 1823 3094 quod
1847 3051 1944 3096 ΜΗ,
1970 3055 2003 3087 et
2027 3051 2066 3086 D

373 3095 413 3126 ut
440 3093 510 3126 rad.
530 3096 541 3136 Η
560 3098 613 3127 28.
643 3096 816 3131 auiniano
843 3099 879 3131 I)
898 3100 910 3142 Η
930 3102 984 3133 29.
1011 3098 1082 3133 isto
1109 3099 1158 3133 M
