2242 3542
862 222 1143 258 PRAEFATIO.
1777 221 1857 255 XIII

158 347 210 375 ex
240 333 303 374 eis
329 347 438 387 quos
471 331 805 374 memoravimus
837 331 1056 373 codicibus
1089 332 1151 373 hi:
1185 332 1410 386 utriusque
1440 330 1578 385 partis
1606 330 1716 373 Med.
1735 331 1804 382 49,
1824 333 1863 382 9,

157 403 316 459 prioris
348 402 607 445 Harleianus
633 403 748 444 2773
782 405 825 443 et
857 402 1082 444 Parisinus
1112 403 1274 457 17812‚
1320 401 1574 458 posterioris
1608 401 1865 442 Harleianus

155 530 319 566 nobilem
346 531 534 575 quendam
555 530 690 565 Italum
716 530 876 572 litterae,
903 529 1039 573 quibus
1063 529 1200 575 ‘plures
1223 529 1409 565 Ciceronis
1430 528 1631 564 orationes’
1657 549 1697 553 —
1720 530 1866 573 praeter

155 578 397 624 Ligarianam
423 590 536 623 quam
556 577 746 612 Florentia
772 577 881 611 modo
908 581 1105 622 acceperat-
1127 599 1167 602 —
1193 578 1249 611 ‘ac
1277 576 1456 623 epistolas
1480 588 1566 610 suas
1588 575 1866 620 quanticunque

156 625 406 660 constiterint'
436 625 588 671 expetit.
634 625 768 659 deinde
795 625 878 670 ipsa
910 623 977 657 illa
1009 635 1120 668 quam
1154 625 1306 659 exhibet
1339 623 1590 658 miscellarum
1622 622 1866 668 epistularum

154 673 348 717 notitiam,
381 685 446 718 per
478 673 672 708 verborum
705 671 857 717 quidem
889 672 1221 706 conformationem
1256 672 1304 706 ad
1330 671 1538 706 Mediceum
1570 671 1710 705 fontem
1743 672 1865 715 potest

157 720 258 755 haud
283 731 394 766 aegre
420 721 558 755 referri.
604 723 645 754 ut
676 720 776 754 enim
809 719 1002 752 mittamus
1035 719 1235 753 frustulum
1267 731 1312 753 ex
1343 732 1399 764 ep.
1422 719 1516 762 xlv,
1537 722 1576 762 3,
1598 723 1618 751 ὁ
1651 718 1865 762 decerptum

157 775 230 814 (ap.
246 767 428 802 Thomam
448 780 482 813 p.
498 773 553 811 57,
569 769 614 812 2),
642 777 737 811 quae
758 766 796 800 in
815 766 979 812 epistula
999 766 1047 800 ad
1068 766 1243 800 loannem
1263 766 1463 801 Gersonem
1485 766 1576 800 data
1595 768 1669 810 (ap.
1686 764 1865 798 Thomaiu

156 828 191 861 p.
215 819 297 860 1οῖ)
322 826 366 850 ex
387 815 460 850 Cic.
483 828 537 860 ep.
560 815 585 859 I,
608 821 639 858 9,
662 820 704 848 19
732 814 779 848 ab
802 813 867 848 illo
888 813 1100 848 excitantur
1119 814 1234 848 verba
1254 814 1326 858 (at
1347 826 1444 857 vero,
1471 813 1629 858 insignis
1649 814 1867 858 praeceptor

157 862 222 907 mi,
248 862 443 897 occasione
469 866 570 897 cert-a
597 862 687 896 data
714 864 755 895 ut
782 861 830 895 ad
850 861 1045 906 ligandum
1066 861 1390 906 impresentiarum
1411 861 1681 895 committerem
1701 859 1866 904 ejusdem

157 909 344 945 Ciceronis
370 909 613 955 epistolarum
639 909 848 954 portionem
874 920 958 942 cum
983 908 1173 942 nonnullis
1201 920 1264 942 sue
1291 908 1472 942 industrie
1500 907 1585 942 aliis
1606 907 1791 952 operibus,
1819 906 1866 940 ad

156 959 395 1003 conspectum
420 968 545 991 meum
569 968 649 991 sese
675 967 763 990 casu
785 956 902 1001 ipsius
923 955 1110 990 Ciceronis
1132 955 1340 1000 injecerunt
1360 956 1431 989 ista
1452 956 1584 990 verba:
1611 954 1702 990 Cum
1722 953 1867 988 Vatinii

158 1004 383 1040 defendendi
422 1003 594 1038 stimulus
634 1003 746 1038 michi
782 1006 896 1047 esset,
936 1003 981 1038 de
1015 1014 1087 1047 quo
1120 1003 1159 1036 in
1186 1003 1330 1048 judicio
1363 1015 1447 1036 cum
1478 1002 1586 1036 illum
1618 1001 1866 1044 defenderem,

159 1052 239 1086 dixi
259 1072 303 1078 -—
325 1051 484 1096 denique
510 1062 579 1097 par
603 1051 686 1097 pari
712 1051 858 1094 referto,
886 1051 987 1095 quod
1012 1062 1095 1085 eam
1121 1051 1335 1095 mordeat'),
1362 1061 1406 1085 ea
1431 1049 1635 1084 notabilem
1657 1060 1679 1083 a
1698 1049 1866 1083 Mediceo

159 1099 409 1135 differentiam
435 1099 576 1134 habent
600 1100 695 1133 hanc
724 1109 836 1132 unam
862 1098 962 1142 quod
992 1098 1032 1132 iu
1064 1098 1196 1132 ultimo
1228 1109 1336 1132 versu
1372 1098 1466 1143 ‘pro’
1495 1108 1593 1140 voc,
1632 1096 1732 1140 quod
1763 1098 1868 1130 extat

158 1147 198 1181 in
221 1147 271 1192 M,
298 1146 346 1182 ab
372 1147 510 1181 Ioanne
536 1146 732 1181 omittitur.
779 1149 819 1180 at
844 1156 934 1180 cave
966 1158 1011 1180 ne
1042 1145 1235 1180 omissioui
1266 1145 1423 1179 nimium
1455 1144 1616 1179 tribuas:
1657 1147 1715 1178 sat
1747 1142 1868 1177 multa

156 1194 256 1229 enim
283 1195 319 1229 M
347 1194 565 1240 apographa
590 1193 720 1228 eodem
740 1193 850 1227 modo
870 1195 1036 1238 peccant.
1085 1193 1131 1227 ab
1151 1193 1288 1227 Ioanne
1311 1194 1446 1236 autem,
1473 1191 1768 1226 familiarissimo
1789 1202 1866 1234 suo,

157 1244 282 1288 potest
307 1242 486 1288 epistulas
518 1241 605 1276 illas
638 1241 826 1286 accepisse
852 1240 1029 1274 Nicolaus
1063 1241 1107 1275 de
1135 1239 1378 1285 Clemangiis,
1414 1240 1522 1274 homo
1556 1238 1796 1283 antiquitatis
1830 1240 1865 1272 et

158 1291 237 1335 ipse
265 1289 455 1324 studiosus
482 1297 530 1334 (v.
551 1289 666 1334 Voigt
693 1288 715 1323 l.
737 1302 766 1323 c.
794 1288 852 1322 112
876 1301 911 1333 p.
933 1292 1000 1322 352
1017 1290 1095 1333 sq).
1147 1288 1185 1321 id
1218 1292 1359 1322 certum
1391 1287 1436 1321 de
1470 1298 1543 1320 una
1571 1286 1756 1321 Ciceronis
1789 1285 1865 1331 epi—

158 1336 260 1372 stula
287 1358 326 1362 —
355 1338 480 1382 potest
509 1336 667 1371 fortasse
701 1336 859 1381 cogitari
895 1336 939 1369 (le
972 1335 1109 1369 litteris
1144 1335 1192 1369 ad
1220 1335 1467 1369 Octavianum
1500 1334 1616 1377 datis,
1655 1345 1699 1367 ex
1731 1332 1866 1377 quibus

158 1384 357 1419 frustulum
384 1384 615 1429 (‘Octaviani
642 1387 766 1418 autem
794 1395 884 1417 avus
918 1383 1168 1428 argentarius,
1207 1385 1314 1428 pater
1344 1393 1475 1427 nempe
1510 1380 1734 1426 astipulator
1765 1380 1866 1423 fuit’,

159 1432 269 1467 sicuti
306 1432 399 1466 haec
431 1431 575 1466 Tullius
615 1434 715 1465 certa
753 1430 946 1464 occasione
985 1431 1118 1464 oborta
1149 1430 1197 1464 ad
1231 1430 1389 1464 eundem
1421 1429 1669 1464 Octavia-num
1702 1427 1866 1461 scribens

158 1480 403 1526 improperat)
427 1479 507 1524 ipse
535 1479 657 1513 adfert
682 1479 838 1513 Ioannes
864 1489 920 1522 ep.
941 1482 985 1511 45
1013 1482 1086 1523 (ap.
1114 1477 1283 1512 Marteue
1314 1479 1352 1511 et
1380 1476 1533 1511 Durand
1562 1476 1647 1510 ‘vet
1677 1475 1802 1520 script.
1829 1478 1867 1509 et

158 1538 256 1562 mon.
276 1526 388 1572 ampl.
404 1526 502 1562 coll.'
527 1526 599 1561 t1.11
619 1539 653 1571 p.
672 1529 794 1570 1408);
815 1525 1028 1560 Pseudocic.
1044 1536 1100 1570 ep.
1117 1525 1167 1559 ad
1184 1524 1263 1560 Oct.
1285 1530 1304 1567 ξ
1319 1529 1338 1558 9
1362 1546 1415 1569 -,
1437 1535 1549 1568 quam
1570 1535 1652 1557 cum
1667 1522 1866 1557 Galtherus

159 1575 314 1620 quidam
338 1576 438 1608 furto
466 1573 538 1608 sibi
564 1574 612 1608 ab
638 1574 774 1607 Ioanne
802 1572 971 1607 ablatam
996 1583 1075 1607 esse
1102 1572 1378 1617 indignaretur,
1415 1572 1445 1605 is
1479 1571 1533 1605 ita
1566 1582 1603 1605 se
1629 1572 1767 1616 purgat
1792 1572 1865 1615 (ap.

159 1622 341 1657 Thomam
366 1634 400 1667 p.
423 1623 499 1666 61):
538 1620 707 1665 ‘Copiam
738 1620 863 1654 nescio
895 1620 1090 1664 cujusdam
1122 1619 1279 1664 epistole
1306 1619 1491 1654 Ciceronis
1525 1618 1639 1652 audes
1671 1619 1866 1652 temerarie

160 1669 282 1705 dioere
307 1669 437 1703 furtim
461 1680 519 1702 me
545 1670 583 1703 et
608 1668 809 1702 infideliter
834 1667 1048 1702 retinuisse!
1077 1696 1083 1702 .
1106 1695 1114 1702 .
1136 1696 1142 1701 .
1187 1666 1321 1701 Verius
1353 1677 1440 1701 vero
1473 1666 1571 1711 ipse,
1604 1667 1646 1699 ut
1676 1665 1771 1699 bene
1804 1677 1867 1710 ap-

185 1716 296 1761 ellas,
322 1727 389 1750 vas
416 1715 644 1760 eloquentie,
670 1715 783 1749 immo
810 1715 938 1758 decus,
976 1714 1098 1760 gloria
1124 1716 1162 1748 et
1187 1716 1446 1748 ornamentum
1478 1716 1646 1747 nostrum
1670 1715 1797 1747 noster
1823 1715 1867 1746 de

188 1763 388 1809 lamengiis
414 1763 454 1797 in
472 1762 687 1797 Ambrosini
712 1761 924 1808 receptione
951 1761 1162 1796 litterarum
1188 1761 1391 1796 casualiter
1416 1762 1496 1796 erat
1520 1771 1675 1803 mecum,
1703 1759 1768 1803 qui
1786 1771 1867 1804 pre-

159 1811 301 1849 dictam
325 1810 443 1845 Tullii
467 1810 677 1856 epistolam,
704 1810 751 1844 ob
778 1821 890 1854 quam
916 1809 968 1843 sic
995 1809 1198 1855 objurgans
1224 1808 1387 1844 turbaris
1415 1811 1452 1843 et
1477 1807 1633 1853 ineptis,
1660 1807 1867 1852 asportavit

127 1856 136 1862 ⁷
159 1862 198 1894 et
222 1858 329 1894 illam
353 1857 476 1892 hercle
501 1858 668 1892 habebat
692 1857 870 1902 temporis
890 1857 1097 1891 intersticio
1118 1868 1190 1901 quo
1211 1856 1283 1890 tibi
1302 1856 1490 1901 rescripsi'
1515 1877 1555 1880 —
1577 1855 1644 1889 ubi
1663 1854 1868 1888 notandum

162 1903 404 1942 ‘Ambrosini’
439 1916 590 1949 nomen,
625 1906 648 1941 i.
675 1916 706 1940 e.
737 1904 825 1939 Itali
856 1905 1033 1949 hominis,
1067 1916 1090 1938 a
1121 1915 1193 1948 quo
1225 1903 1356 1938 Ioanni
1388 1903 1551 1949 epistula
1583 1901 1769 1937 Ciceronis
1801 1901 1869 1935 illa

160 1953 381 1990 transmissa
406 1955 497 1988 erat.
542 1955 627 1987 utut
653 1954 726 1996 est,
764 1952 912 1997 utrique
938 1951 1080 1986 homini
1106 1952 1216 1986 docto
1248 1951 1439 1986 miscellae
1466 1949 1651 1985 Ciceronis
1685 1949 1869 1995 epistulae

160 2004 272 2036 notae
292 2002 399 2036 erant
419 2012 451 2036 a.
473 2005 575 2035 1407.
620 2011 663 2034 eo
684 2000 783 2034 enim
804 2011 900 2034 anno
922 2005 968 2044 (v.
984 1999 1100 2045 Voigt
1119 2011 1212 2034 mus,
1233 1999 1349 2033 Rhen.
1371 1998 1523 2032 XXXVI
1543 2011 1577 2043 p.
1593 2000 1676 2041 475)
1699 1996 1869 2042 Lingona

162 2049 294 2084 scribit
317 2048 449 2083 Ioanni
474 2047 652 2082 Nicolaus
679 2050 751 2093 (op.
778 2047 833 2082 ed.
854 2047 1004 2092 Lydius.
1027 2050 1129 2082 1613.
1157 2058 1213 2092 ep.
1235 2048 1311 2091 23)2
1348 2045 1519 2080 ‘Iohanni
1551 2056 1617 2079 suo
1649 2044 1867 2078 charissimo

160 2096 340 2132 Nicolaus
365 2096 527 2131 salutem
553 2096 655 2130 dicit.
700 2095 810 2130 Nosti
836 2106 922 2129 suas
949 2094 1163 2129 Ciceronem
1189 2093 1369 2139 epistolas
1394 2093 1466 2127 tali
1491 2104 1591 2127 more
1618 2091 1749 2136 ordiri,
1776 2103 1868 2136 quas

160 2155 273 2190 penes
299 2146 336 2178 te
362 2155 428 2189 pro
454 2154 592 2189 magna
616 2143 786 2188 portione
813 2142 928 2177 habes
957 2171 1111 2177 ......
1157 2141 1248 2176 Cum
1273 2143 1401 2175 tamen
1427 2140 1552 2175 Cicero
1579 2140 1658 2185 ipse
1683 2139 1730 2173 ad
1751 2150 1868 2184 regeS,

161 2192 211 2227 ad
229 2190 411 2235 consules,
437 2191 486 2225 ad
507 2202 651 2225 summa
670 2190 827 2236 imperia
848 2190 1013 2224 scribens
1033 2189 1098 2224 illo
1118 2189 1296 2233 loquendi
1316 2199 1450 2234 genere
1471 2199 1558 2221 usus
1578 2186 1805 2221 inveniatur’
1825 2207 1868 2211 —-

161 2243 258 2284 quae
281 2239 398 2274 verba
422 2249 497 2273 non
521 2241 678 2283 possunt
702 2237 830 2272 referri
849 2237 922 2271 nisi
944 2237 993 2272 ad
1013 2237 1080 2271 has
1101 2236 1282 2282 epistulas
1304 2257 1347 2261 —
1369 2238 1406 2270 et
1426 2235 1614 2271 Gonthero
1636 2233 1742 2278 Colli,
1765 2234 1868 2279 regio

161 2286 361 2322 secretario
388 2299 435 2331 μ’.
457 2286 617 2320 Thomas
644 2298 677 2331 p.
700 2288 777 2330 80),
804 2296 860 2330 ep.
882 2288 943 2320 26:
979 2285 1059 2319 ‘sed
1091 2284 1269 2328 quoniam
1301 2283 1345 2317 de
1372 2282 1622 2317 familiaribus
1648 2281 1758 2316 rebus
1785 2292 1869 2315 con-

159 2334 380 2370 temnendas
408 2333 501 2368 adeo
527 2336 635 2378 putes
662 2333 808 2367 litteras
835 2335 901 2366 aut
927 2332 1067 2377 scripta
1092 2332 1138 2366 de
1165 2331 1241 2365 illis
1268 2331 1382 2375 edita,
1408 2330 1490 2376 lege
1510 2329 1705 2364 Tullianas
1732 2328 1868 2374 episto-

161 2382 229 2427 las,
256 2384 294 2417 et
318 2381 404 2416 illas
430 2381 571 2415 maiore
597 2392 641 2415 ex
668 2383 773 2426 parte
800 2379 946 2414 videbis
973 2379 1018 2414 de
1039 2390 1107 2413 sua
1125 2381 1192 2413 aut
1212 2378 1416 2412 amicorum
1437 2389 1587 2412 suorum
1604 2388 1643 2411 re
1664 2376 1869 2411 domestica

161 2429 408 2475 conscriptas,
445 2431 483 2463 et
507 2430 633 2463 tamen
659 2427 748 2462 illae
773 2427 955 2472 epistolae
980 2426 1097 2472 pluris
1125 2425 1226 2471 apud
1249 2425 1446 2470 plerosque
1479 2424 1726 2459 aestimantur
1758 2435 1870 2467 quam

161 2476 344 2523 epistolae
364 2476 510 2511 Annaei
529 2476 703 2519 Senecae,
729 2475 794 2519 qui
814 2486 880 2509 suo
899 2474 1019 2508 brevi'
1043 2476 1111 2508 cet.
1135 2494 1177 2498 —
1197 2484 1270 2517 quo
1289 2472 1373 2507 loco
1393 2472 1566 2516 equidem
1595 2470 1869 2516 ‘plerorumque

161 2524 478 2560 aestimationem’
515 2522 632 2557 nolim
669 2523 825 2557 nimium
862 2522 989 2568 premi.
1042 2523 1133 2565 quot
1165 2523 1319 2564 uterque
1352 2519 1497 2554 noverit
1528 2519 1642 2553 libros
1675 2518 1868 2562 incertum,

163 2571 237 2606 nisi
266 2571 367 2616 quod
396 2583 441 2606 ex
471 2571 590 2616 primo
622 2572 660 2605 et
691 2572 824 2615 quarto
852 2569 995 2604 decimo
1020 2567 1226 2614 particulas
1259 2567 1381 2601 adfert
1406 2567 1580 2610 Ioannes,
1614 2568 1655 2599 ut
1687 2565 1718 2599 is
1749 2565 1869 2599 videri

164 2618 284 2664 possit
308 2617 423 2653 libros
442 2618 592 2652 I—XVI
618 2617 804 2652 habuisse.
850 2619 891 2651 ut
916 2616 1032 2662 igitur
1056 2616 1173 2650 etiam
1198 2615 1268 2648 hoc
1294 2615 1334 2648 in
1358 2614 1480 2648 medio
1512 2613 1762 2657 relinquatur,
1794 2624 1869 2647 non

163 2665 349 2700 inutiliter
374 2665 559 2710 scriptura
583 2676 697 2709 quam
718 2665 761 2698 in
787 2676 843 2710 ep.
864 2664 896 2708 I,
918 2668 955 2708 9,
978 2667 1020 2698 19
1047 2663 1203 2697 Ioannes
1230 2662 1413 2706 sequitur,
1450 2663 1691 2706 componetur
1723 2662 1761 2695 et
1786 2671 1869 2694 cum

164 2713 332 2748 Mediceo
358 2717 419 2756 49,
441 2717 460 2746 9
493 2715 531 2746 et
562 2723 645 2746 cum
670 2712 872 2746 Harleiano
899 2714 991 2745 2773
1017 2710 1078 2756 (G)
1110 2709 1352 2754 Parisinoque
1379 2711 1493 2743 14812
1519 2709 1597 2753 (R),
1636 2719 1708 2752 quo
1739 2710 1870 2752 pateat

164 2772 264 2806 eam,
300 2772 383 2794 curn
409 2759 558 2793 omnino
584 2770 659 2795 non
682 2759 802 2804 possit
833 2758 995 2793 derivari
1026 2769 1071 2792 ex
1097 2757 1145 2801 G,
1179 2767 1202 2791 a
1226 2757 1265 2790 M
1296 2767 1371 2791 non
1400 2756 1522 2802 magis
1554 2756 1725 2790 recedere
1756 2765 1868 2799 quam

165 2819 188 2844 a
211 2809 255 2853 R,
282 2807 347 2853 qui
372 2810 499 2842 tamen
524 2818 599 2841 non
623 2808 727 2841 tenet
750 2806 823 2840 nisi
848 2805 964 2840 libros
991 2807 1073 2839 octo
1100 2804 1252 2850 priores.
1296 2806 1353 2838 est
1371 2803 1488 2850 igitur
1507 2803 1618 2839 haec:
1645 2802 1869 2837 defendendi

167 2856 330 2893 GR10.;
357 2858 410 2900 (ς.·
436 2853 655 2900 apographa
674 2865 694 2888 e
714 2853 751 2887 M
776 2853 904 2897 facta),
931 2852 1082 2887 defendi
1103 2852 1151 2886 M
1165 2853 1177 2897 ΙΙ
1195 2862 1308 2896 quom
1332 2850 1459 2904 illum]
1485 2861 1597 2896 quam
1622 2850 1646 2885 i.
1667 2850 1760 2895 MG,
1786 2861 1870 2884 cum

165 2903 189 2938 i.
209 2904 276 2944 Io..
302 2902 452 2947 quando
473 2902 496 2937 i.
520 2902 556 2937 R
575 2905 586 2946 il
606 2901 786 2946 quiddam
805 2900 898 2944 MR,
924 2899 1076 2944 quidem
1095 2900 1162 2944 Io.,
1188 2910 1255 2934 om.
1279 2899 1311 2934 G
1330 2900 1343 2944 ΙΙ
1360 2897 1572 2933 nominabit
1590 2897 1683 2933 RIo.
1693 2908 1725 2942 ς,
1750 2897 1868 2932 nomi—

165 2950 273 2985 nauit
292 2950 373 2986 MG
392 2954 404 2996 fl
423 2949 455 2984 si
481 2950 630 2994 quando
657 2948 724 2982 illa
750 2947 850 2982 dicet
875 2946 1095 2992 phaedriam
1114 2946 1264 2990 MRIo,
1291 2946 1324 2980 si
1349 2946 1448 2991 quod
1470 2945 1577 2980 illam
1595 2944 1790 2990 phedriam
1813 2946 1869 2989 G'r}

165 2997 397 3044 pamphilam
423 2997 616 3041 Mc'Rlo„
643 3000 684 3030 tu
710 3008 745 3040 p.
772 2996 912 3040 aliquot
936 3006 956 3032 ς
988 2997 999 3039 ΙΙ
1029 3004 1098 3038 par
1122 2993 1297 3042 pro-pari
1322 2994 1425 3037 MR,
1463 3003 1532 3038 par
1555 2992 1639 3038 pari
1664 2992 1753 3028 (310.
1770 3004 1801 3030 ς.
1824 3013 1867 3018 --

166 3047 329 3080 ceterum
353 3045 393 3079 in
418 3055 474 3090 ep.
495 3048 540 3079 64
561 3044 607 3079 ad
629 3043 790 3092 amicum
809 3041 996 3086 quendam
1014 3040 1195 3076 incertum
1216 3051 1288 3086 quo
1309 3043 1474 3086 tempore
1495 3040 1585 3074 data
1603 3041 1678 3085 (ap.
1700 3039 1867 3074 Μαι-110110

165 3091 190 3128 l.
205 3103 235 3129 c.
255 3105 290 3138 p.
307 3096 397 3127 1433
401 3110 412 3138 )
432 3092 588 3127 Ioannes
608 3090 751 3136 expetit
772 3089 973 3124 ‘orationes
992 3087 1108 3123 Tullii
1127 3088 1187 3124 vel
1205 3088 1322 3134 ipsius
1343 3091 1409 3122 aut
1426 3087 1617 3122 Lactantii
1637 3089 1675 3121 et
1691 3086 1867 3132 Cypriani

167 3139 374 3185 epistolas',
400 3139 616 3183 clauditque
641 3138 786 3172 litteras
812 3137 881 3172 hoc
907 3136 1034 3171 modo:
1064 3135 1161 3170 ‘vale
1187 3147 1318 3180 meque
1339 3135 1477 3180 diligas
1497 3136 1534 3169 et
1554 3134 1636 3179 tibi,
1662 3137 1704 3168 ut
1724 3133 1866 3169 Cicero-

166 3188 278 3222 niano
305 3189 390 3222 utar
413 3186 537 3231 verbo,
563 3185 787 3232 persuadeas
813 3186 850 3219 te
877 3196 899 3218 a
925 3194 982 3218 me
1008 3183 1170 3218 fraterne
1196 3182 1348 3219 amari':
1375 3182 1448 3218 Cic.
1470 3181 1518 3216 ad
1537 3181 1614 3216 Att.
1637 3181 1663 3228 Ι,
1685 3186 1717 3227 5,
1738 3184 1770 3218 8.
