2242 3496
360 141 441 182 188
954 134 1001 167 M.
1029 131 1168 166 TVLLI
1194 130 1444 165 CICERONIS

310 259 329 289 ‘3
357 249 492 288 multa
525 249 640 300 sunt,
679 244 884 285 sublevat.
949 240 1063 294 quod
1096 239 1148 279 ad
1182 238 1407 279 Philotimi
1447 238 1593 279 liberti
1632 238 1822 281 officium
1860 241 1904 280 et
1935 240 2050 280 bona

356 318 530 360 Milonis
565 316 736 367 attinet,
768 311 960 353 dedimus
995 323 1188 364 operam,
1226 311 1274 350 ut
1307 312 1349 350 et
1384 308 1644 350 Philotimus
1678 324 1807 363 quam
1838 309 2050 351 honestis-

357 389 461 430 sime
493 386 644 429 Miloni
683 382 848 437 apsenti
887 382 1062 435 eiusque
1101 379 1355 421 necessariis
1396 379 1502 420 satis
1541 379 1702 421 faceret
1740 383 1784 421 et
1817 381 2050 422 secundum

307 472 326 501 3
354 459 443 500 eius
482 458 605 498 fidem
639 457 681 495 et
714 452 987 494 sedulitatem
1019 450 1285 492 existimatio
1314 453 1388 491 tua
1415 454 1754 492 conservaretur.
1805 451 1912 492 illud
1936 466 2049 493 nunc

354 546 378 570 a
404 532 445 569 te
471 531 584 582 peto,
616 525 649 565 si
678 524 772 576 eris,
805 526 853 563 ut
880 537 1018 576 spero,
1052 522 1229 575 otiosus,
1262 521 1436 575 aliquod
1463 522 1516 562 ad
1540 537 1632 575 nos,
1663 524 1712 563 ut
1743 522 2048 577 intellegamus
2087 536 2103 560 5

354 614 428 640 nos
463 598 542 638 tibi
577 610 700 637 curae
734 608 838 646 esse,
871 594 1098 647 σύνταγμα
1138 592 1396 634 conscribas.
1462 592 1581 646 ‘quid
1614 592 1695 634 tibi
1727 592 1857 646 istic’,
1895 593 2050 648 inquis,

351 670 409 709 ‘in
444 669 627 708 mentem
662 664 790 718 venit,
822 664 989 705 homini
1020 679 1107 706 non
1140 663 1332 719 inepto?
1367 663 1540 718 aliquod
1573 678 1624 705 ex
1656 666 1745 704 tam
1779 664 1929 705 multis
1962 664 2049 706 tuis

352 736 625 780 monimentis
676 738 838 789 extare,
897 735 1009 790 quod
1058 738 1232 777 nostrae
1284 735 1501 776 amicitiae
1559 735 1812 776 memoriam
1863 734 2049 789 posteris

352 823 519 863 quoque
563 807 729 861 prodat.
803 806 1044 848 cuiusmodi
1092 806 1238 860 velim,
1282 809 1404 860 puto,
1452 806 1640 860 quaeris:
1691 808 1740 847 tu
1784 805 1930 860 citius,
1977 806 2049 861 qui

352 893 521 921 omnem
552 877 670 918 nosti
704 876 993 931 disciplinam,
1033 878 1147 931 quod
1180 877 1365 918 maxime
1399 877 1617 931 convenit,
1657 876 1943 932 excogitabis,
1981 891 2048 932 ge·
2071 889 2104 913 10

349 964 447 991 nere
479 951 635 1001 tamen,
675 948 788 1001 quod
821 951 864 989 et
897 949 949 989 ad
981 963 1060 989 nos
1094 947 1311 1002 pertineat
1343 950 1386 989 et
1418 948 1709 989 διδασκαλίαν
1742 948 1969 1002 quandam,
2000 950 2049 990 ut

349 1023 540 1062 versetur
571 1019 684 1060 inter
717 1033 868 1060 manus
878 1053 889 1074 ,
918 1019 1088 1060 habeat.

1080 1166 1155 1209 IV.
1201 1165 1311 1223 (84.)

881 1260 1132 1304 cAELiVs
1167 1261 1448 1304 (31οΕ0οΝ1
1482 1261 1520 1304 s.

305 1370 316 1398 1
466 1357 639 1397 Invideo
668 1356 768 1397 tibi:
801 1360 892 1397 tam
918 1357 1055 1397 multa
1082 1357 1252 1410 cotidie,
1285 1371 1392 1411 quae
1419 1357 1586 1411 mirere,
1618 1357 1730 1399 istoc
1755 1356 2052 1411 perferuntur:
2074 1368 2106 1393 15

352 1429 537 1482 primum
570 1428 695 1480 illud,
728 1428 978 1469 absolutum
1012 1427 1260 1482 Messalam,
1299 1428 1450 1470 deinde
1483 1428 1665 1469 eundem
1697 1429 2051 1471 condemnatum3

352 1499 396 1541 G.
428 1499 682 1540 Marcellum
724 1513 808 1540 cos.
847 1498 1028 1553 factum3
1074 1498 1130 1540 M.
1164 1498 1379 1541 Calidium
1417 1499 1471 1540 ab
1510 1499 1684 1554 repulsa
1720 1499 1991 1554 postulatum
2029 1513 2054 1540 a

353 1571 507 1612 Galliis
553 1570 743 1623 duobus,
794 1570 839 1611 P.
880 1569 1152 1611 Dolabellam
1193 1583 1255 1611 xv
1276 1570 1417 1611 virum
1467 1570 1640 1612 factum.
1711 1570 1794 1612 hoc
1837 1570 1921 1611 tibi
1965 1584 2052 1611 non

351 1642 537 1695 invideo,
577 1641 764 1682 caruisse
804 1644 846 1682 te
885 1641 1177 1696 pulcherrimo
1218 1642 1465 1696 spectaculo
1505 1645 1548 1683 et
1585 1641 1760 1683 Lentuli
1801 1640 1949 1683 Cruris
1987 1655 2053 1683 re-

351 1712 462 1767 pulsi
496 1712 663 1753 vultum
694 1727 781 1753 non
812 1712 982 1753 vidisse.
1045 1715 1090 1753 at
1119 1727 1201 1767 qua
1228 1727 1314 1766 spe,
1348 1727 1474 1766 quam
1503 1715 1620 1754 certa
1647 1713 1848 1767 opinione
1881 1713 2051 1754 descen·
2071 1724 2106 1748 20

351 1785 488 1824 derat!
533 1798 659 1837 quam
685 1783 781 1837 ipso
809 1783 1029 1824 diffidente
1057 1783 1303 1825 Dolabella!
1345 1786 1388 1824 et
1413 1784 1619 1839 hercules,
1651 1784 1736 1825 nisi
1761 1783 2051 1839 †nostrisque

305 1868 323 1896 2
352 1856 517 1898 acutius
551 1855 769 1909 vidissent,
808 1858 942 1909 paene
977 1855 1234 1896 concedente
1267 1855 1513 1896 adversario
1547 1857 1806 1910 superasset.
1869 1855 1975 1896 illud
2009 1857 2051 1896 te

353 1942 438 1967 non
471 1926 659 1967 arbitror
691 1926 908 1981 miratum,
942 1924 1182 1980 Servaeum,
1216 1925 1490 1981 designatum
1522 1929 1574 1967 tr.
1606 1926 1675 1981 pl,
1708 1926 2052 1980 condemnatum,

352 1998 516 2051 †cuius
549 1997 687 2039 locum
721 1996 766 2040 C.
794 1997 923 2039 Curio
955 1997 1094 2052 petiit.
1158 2012 1259 2038 sane
1294 2012 1422 2051 quam
1454 1997 1612 2039 incutit
1643 1997 1816 2051 multis,
1849 1997 1923 2051 qui
1955 2012 2052 2038 eum

352 2069 688 2123 facilitatemque
722 2069 812 2110 eius
845 2084 932 2110 non
964 2071 1142 2124 norunt,
1176 2082 1380 2124 magnum
1413 2071 1594 2125 metum3
1639 2069 1730 2124 sed,
1767 2071 1817 2110 ut
1849 2083 1975 2123 spero
2008 2070 2051 2109 et
2070 2078 2105 2104 2⁵

351 2140 447 2181 volo
488 2142 529 2180 et
561 2143 608 2180 ut
642 2155 685 2181 se
718 2140 802 2181 fert
833 2140 943 2195 ipse,
982 2141 1118 2182 bonos
1160 2143 1203 2181 et
1242 2143 1441 2181 senatum
1480 2140 1628 2194 malet,
1677 2143 1816 2195 totus,
1853 2143 1903 2181 ut
1939 2155 2052 2182 nunc

471 2272 500 2303 1.
534 2268 659 2303 liberti
693 2267 805 2316 (tui)
833 2269 889 2303 W.
915 2269 1049 2312 Teuffel
1085 2270 1187 2312 (mus.
1214 2269 1330 2303 Rhen.
1358 2268 1476 2302 XXIX
1496 2281 1533 2314 p.
1557 2270 1640 2313 364)
1678 2269 1689 2312 Η
1727 2271 1758 2303 2.
1791 2269 1834 2302 ut
1863 2267 1955 2313 phil.
1991 2269 2024 2304 G
2042 2268 2054 2308 Η

351 2320 381 2350 4.
411 2320 493 2360 pmst
532 2316 609 2350 eius
652 2320 669 2349 1
704 2317 771 2351 litt.
808 2317 850 2350 in
881 2316 930 2350 M
956 2328 1060 2351 erasa
1098 2317 1108 2361 Η
1145 2315 1233 2350 illut
1270 2317 1330 2359 M,
1370 2316 1457 2350 illuc
1499 2316 1531 2351 G
1575 2317 1586 2360 Η
1630 2319 1660 2350 5.
1701 2315 1868 2361 aliquod]
1909 2315 2052 2360 aliquid

350 2364 403 2403 (-t
427 2364 487 2406 M)
515 2365 548 2397 ,Ω
585 2365 595 2407 Η
634 2367 664 2397 6.
701 2364 900 2407 syntagma
927 2365 960 2397 Ω
997 2365 1008 2408 Η
1046 2363 1136 2407 quid
1168 2363 1239 2398 tibi
1271 2363 1356 2397 istic
1388 2364 1442 2406 R,
1481 2363 1572 2408 quid
1603 2364 1629 2398 t.
1662 2362 1759 2397 istuc
1791 2363 1889 2407 MG,
1928 2362 1993 2408 qui
2024 2364 2051 2398 t.

352 2410 447 2444 istuc
474 2423 492 2447 ς
519 2412 530 2454 Η
558 2414 587 2445 7.
616 2410 756 2457 <volo>
785 2410 939 2455 aliquod
966 2412 1189 2457 lVesenb'ergy,
1215 2410 1361 2458 (opto)
1389 2422 1420 2446 a.
1452 2411 1560 2446 Klotz
1585 2412 1596 2455 Η
1621 2409 1791 2457 aliquod]
1819 2410 1964 2455 aliquid
1989 2412 2024 2445 ,Ω
2042 2410 2053 2456 Η

352 2461 382 2492 S.
410 2457 567 2501 posteris
594 2458 643 2491 M
646 2463 674 2500 s,
710 2457 849 2502 poteris
877 2460 910 2492 Ω
941 2460 952 2503 Η
985 2462 1015 2493 9.
1042 2458 1156 2492 velim
1178 2463 1261 2503 post
1287 2460 1413 2492 extare
1439 2460 1501 2503 (rs.
1529 2459 1564 2503 8)
1590 2459 1850 2502 trmzspoozebat
1874 2459 2054 2503 Pluyyers

352 2510 385 2547 μ’
410 2518 446 2548 p.
471 2507 550 2545 1115)
580 2506 590 2549 Η
622 2509 674 2540 10.
700 2505 819 2539 nostri
846 2506 889 2550 G,
915 2507 1081 2540 nostram
1107 2506 1143 2541 R
1169 2508 1180 2551 Η
1205 2505 1405 2540 conveniat
1429 2508 1497 2541 alia·
1528 2508 1539 2550 Η
1572 2509 1626 2540 11.
1655 2505 1703 2540 ad
1729 2518 1794 2540 om.
1821 2506 1871 2540 M
1889 2507 1901 2550 Η
1927 2505 2052 2539 didas-

352 2551 475 2585 calian
504 2554 537 2585 Ω
567 2554 578 2596 Η
612 2556 664 2586 15.
692 2552 763 2586 tibi
797 2553 885 2596 GR,
919 2553 1010 2587 etibi
1037 2554 1085 2587 M
1111 2555 1121 2598 Η
1152 2553 1284 2587 mirere
1318 2567 1355 2596 ς,
1388 2552 1499 2588 mirer
1526 2555 1559 2587 Ω
1590 2555 1601 2598 Η
1633 2553 1726 2587 istoc
1751 2553 1811 2595 M,
1844 2552 1942 2587 istuc
1969 2553 2050 2588 GR.

352 2598 494 2633 mireris
521 2599 615 2633 istoc
641 2601 746 2645 Bury
773 2601 827 2644 (Ι).
850 2603 907 2644 12)
934 2603 1068 2645 (possis
1093 2602 1198 2636 etiam
1226 2600 1371 2635 mireris
1398 2602 1491 2645 stoc)
1521 2603 1531 2644 Η
1563 2605 1616 2636 17.
1644 2599 1830 2635 Calidium
1857 2600 2052 2643 Corradus,

353 2664 539 2697 claudium
567 2666 600 2698 Ω
631 2666 642 2708 Η
675 2650 914 2710 abraepulsa,
946 2666 970 2700 b
998 2679 1021 2700 (ι
1046 2667 1128 2710 MC,
1162 2667 1216 2710 M,
1245 2664 1403 2710 appulsa
1432 2666 1481 2705 G,
1516 2658 1562 2710 as)
1589 2665 1698 2710 pulsa
1724 2665 1760 2700 R
1792 2666 1803 2709 Η
1836 2668 1890 2700 18.
1918 2663 2051 2699 Gauiis

354 2711 546 2747 Corradus.
572 2711 683 2756 gallis
712 2714 744 2745 Ω
775 2714 786 2757 Η
818 2712 1031 2747 dol-abelam
1056 2714 1105 2747 M
1110 2743 1117 2757 ,
1146 2713 1373 2748 dolobellam
1402 2714 1434 2746 G
1466 2715 1476 2757 Η
1508 2717 1562 2747 20.
1591 2712 1730 2746 uidisse
1757 2713 1869 2756 atque
1895 2722 1959 2756 spe
1987 2712 2021 2746 G
2040 2714 2051 2751 ,Ν

354 2764 406 2792 21,
435 2758 637 2792 (loll-abella
663 2760 739 2803 BD,
774 2772 863 2795 corr.
892 2761 974 2803 MC,
1009 2760 1197 2795 dolobella
1226 2761 1258 2796 G
1290 2762 1300 2804 Η
1330 2762 1367 2794 et
1392 2760 1560 2795 hercules
1587 2761 1648 2804 M,
1682 2762 1720 2794 et
1744 2770 1802 2793 me
1828 2758 1976 2793 hercule
2002 2759 2049 2802 R,

353 2807 393 2838 ut
417 2817 473 2838 me
500 2805 666 2840 hercules
697 2807 727 2841 G
757 2808 767 2851 Η
799 2807 1010 2852 nostrisque
1038 2809 1121 2852 GR,
1147 2808 1369 2853 nostrisque,
1397 2820 1412 2841 s
1439 2820 1518 2852 emp.
1545 2820 1589 2842 m.
1618 2811 1649 2851 1,
1675 2811 1715 2842 at
1740 2808 1826 2849 vid„
1851 2806 1905 2840 M.
1932 2805 2050 2840 nostri

354 2851 494 2895 equites
533 2865 573 2896 ς,
618 2864 684 2887 nos
731 2854 922 2898 nostrique
963 2856 995 2889 Ο.
1028 2856 1315 2891 F1·.Hermaom
1360 2857 1462 2899 (mus.
1501 2856 1616 2890 Rhen.
1653 2854 1695 2888 V.
1735 2856 1834 2887 1847.
1870 2865 1908 2898 J).
1937 2855 2019 2898 616)
2038 2854 2050 2900 1}

356 2902 409 2931 22.
436 2898 521 2933 illut
547 2901 606 2933 Ml
625 2902 636 2944 Η
657 2905 709 2934 23.
739 2901 938 2936 Servaeum
966 2903 1188 2948 11'‹·senbe›·gy,
1214 2914 1322 2937 serua
1367 2913 1450 2937 eum
1476 2903 1531 2943 M,
1558 2900 1720 2936 seruium
1745 2901 1822 2945 Rs,
1849 2899 1985 2934 serium
2006 2902 2049 2937 G.

355 2950 471 2979 tenent
498 2947 663 2996 Servium
691 2949 902 2994 Nipperdey
935 2951 1068 2993 (opusc.
1100 2963 1137 2995 2).
1160 2954 1218 2992 32)
1245 2955 1277 2985 et
1304 2951 1464 2985 wf‘zssllems
1490 2950 1566 2993 (‘le
1590 2948 1711 2983 se'nat’
1739 2947 1756 2981 I
1777 2960 1814 2992 1).
1837 2949 1938 2991 527),
1971 2959 2051 2983 eum

355 2992 484 3044 Pz'y—Igio
512 2994 673 3029 Servium
699 2996 827 3030 Polam
852 2997 1091 3041 intelleyentes
1109 2999 1120 3042 Η
1141 3001 1195 3032 24.
1222 2997 1316 3043 (in)
1343 3008 1371 3031 c.
1393 2997 1416 3032 1.
1441 2997 1564 3038 Orelli,
1590 3006 1618 3029 c.
1648 2994 1740 3041 <in>
1767 2994 1789 3029 1.
1818 2995 2021 3030 [Markland
2039 2996 2052 3041 Η

354 3040 478 3084 petiit]
516 3040 611 3083 petit
644 3042 854 3087 Wesenbery
890 3044 901 3087 Η
939 3043 1054 3085 miltis
1087 3045 1133 3078 M
1141 3045 1147 3065 ¹
1185 3046 1196 3088 Η
1233 3048 1288 3079 25.
1321 3055 1394 3078 non
1429 3044 1495 3078 «lez.
1527 3043 1559 3077 I.
1589 3042 1820 3077 Chamonard
1857 3043 1977 3086 (revue
2008 3043 2051 3077 de

350 3086 478 3130 philol.
505 3086 597 3122 XIV.
626 3090 725 3122 1890.
748 3102 786 3133 p.
809 3091 866 3134 62)
899 3090 912 3134 Η
942 3094 996 3124 26.
1025 3092 1061 3124 et
1086 3092 1128 3125 ut
1152 3092 1251 3135 MR,
1278 3092 1320 3125 ut
1348 3092 1381 3126 G
1405 3092 1416 3135 Η
1440 3091 1557 3125 bonos
1583 3090 1620 3124 et
1645 3089 1700 3134 M,
1725 3089 1822 3124 bono
1849 3099 1887 3123 se
1914 3090 1952 3123 et
1978 3089 2050 3125 GR

2227 2255 2242 2516 .-*-⁴r—a-‘fflne.1*-
2233 2119 2242 2239 .-.-..›..-
2239 2082 2242 2086 .
2239 2067 2242 2070 .
2238 2049 2242 2055 .
