2242 3496
431 160 486 200 66
1031 158 1078 192 M.
1106 157 1245 191 TVLLI
1271 156 1521 192 CICERONIS

430 270 521 307 tum
560 267 659 320 <111>
697 267 837 320 ipsum
876 265 1112 305 discessum
1153 267 1326 305 senatus
1371 265 1570 306 incidisse
1609 266 1733 307 credo
1777 281 1894 308 meas
1938 266 2126 321 litteras3

429 337 502 378 sed
534 337 576 378 id
608 337 689 378 feci
728 336 935 376 adductus
975 333 1235 375 auctoritate
1268 337 1311 376 et
1343 335 1522 376 consilio
1555 338 1649 390 tuo,
1689 337 1816 391 idque
1850 353 1875 378 a
1906 352 1973 378 me
2012 340 2126 379 recte

428 407 589 449 factum
627 410 750 461 puto,
795 405 907 459 quod
945 419 1032 446 non
1070 405 1237 459 statim,
1276 408 1324 446 ut
1361 406 1603 460 appellatus
1642 406 1876 461 imperator
1915 408 2015 461 sim,
2054 408 2127 449 sed

428 478 523 518 aliis
552 479 677 518 rebus
705 476 861 517 additis
889 475 1152 529 aestivisque
1180 475 1386 518 confectis
1417 476 1588 517 litteras
1615 476 1819 519 miserim.
1862 478 1967 520 haec
1993 478 2129 534 igitur

427 547 507 587 tibi
542 550 666 587 erunt
699 560 842 600 curae,
881 546 1242 599 quemadmodum
1277 546 1486 600 ostendis,
1525 561 1677 601 meque
1711 550 1851 589 totum
1883 552 1926 591 et
1958 564 2054 590 mea
2085 552 2129 590 et
2165 563 2182 588 5

427 632 543 658 meos
576 617 900 657 commendatos
933 616 1124 658 habebis.

1156 734 1205 776 x.
1257 733 1393 791 (126.)

873 826 1085 870 CICERO
1118 828 1292 871 APPIO
1331 829 1606 872 PVLCHRO
1640 829 1679 872 s,

543 921 651 964 Cum
685 925 751 964 est
783 923 836 964 ad
867 937 946 964 nos
981 923 1172 964 adlatum
1205 925 1255 966 de
1288 925 1534 966 temeritate
1574 940 1739 979 eorum,
1783 926 1856 980 qui
1890 926 1969 967 tibi
2001 941 2128 981 nego-

423 994 532 1035 tium
565 993 846 1048 facesserent,
887 994 970 1036 etsi
1003 994 1195 1050 graviter
1227 994 1366 1049 primo
1399 995 1552 1037 nuntio
1586 999 1827 1038 commotus
1861 1012 1974 1050 sum,
2012 997 2126 1051 quod
2146 1011 2178 1035 ιο

422 1065 529 1105 nihil
563 1060 653 1105 tam
690 1068 863 1120 praeter
896 1065 1143 1119 opinionem
1175 1080 1315 1107 meam
1349 1067 1538 1108 accidere
1571 1067 1734 1121 potuit,
1772 1069 1936 1120 tamen,
1973 1070 2022 1108 ut
2060 1082 2127 1109 me

424 1135 590 1190 collegi,
623 1139 765 1177 cetera
791 1136 850 1176 mi
876 1136 1084 1177 facillima
1110 1136 1379 1191 videbantur,
1412 1138 1526 1191 quod
1559 1140 1601 1178 et
1633 1137 1678 1178 in
1703 1140 1745 1178 te
1773 1137 1867 1191 ipso
1895 1137 2129 1179 maximam

423 1220 542 1260 spem
581 1209 624 1247 et
665 1207 710 1248 in
753 1207 840 1248 tuis
886 1221 1089 1262 magnam
1133 1207 1347 1249 habebam
1392 1208 1614 1263 multaque
1658 1208 1765 1249 mihi
1810 1208 2040 1250 veniebant
2084 1208 2130 1249 in

422 1279 622 1331 mentem,
657 1278 939 1331 quamobrem
965 1277 1100 1318 istum
1126 1278 1321 1320 laborem
1347 1278 1428 1320 tibi
1456 1279 1588 1320 etiam
1613 1279 1769 1320 honori
1794 1282 1993 1333 putarem
2019 1279 2130 1334 fore,

422 1348 528 1389 illud
548 1348 675 1402 plane
698 1349 878 1390 moleste
907 1349 1001 1404 tuli,
1032 1350 1145 1403 quod
1166 1350 1456 1392 certissimum
1482 1353 1525 1391 et
1550 1350 1839 1391 iustissimum
1860 1350 2128 1405 triumphum
2151 1363 2184 1389 15

422 1418 504 1460 1106
537 1419 781 1461 invidorum
815 1420 996 1462 consilio
1025 1435 1116 1462 esse
1153 1420 1236 1462 tibi
1269 1424 1466 1476 ereptum
1492 1421 1709 1463 videbam:
1743 1422 1855 1475 quod
1882 1424 1931 1463 tu
1957 1420 1994 1463 si
2020 1422 2131 1463 tanti

423 1489 573 1545 facies,
606 1490 757 1545 quanti
791 1505 870 1547 ego
905 1506 1074 1546 semper
1105 1491 1291 1533 iudicavi
1323 1491 1567 1533 faciendum
1599 1506 1709 1546 esse,
1750 1491 1882 1533 facies
1915 1491 2133 1546 sapienter

423 1562 465 1601 et
498 1575 599 1616 ages
638 1561 777 1603 Victor
809 1577 860 1603 ex
891 1562 1167 1604 inimicorum
1207 1563 1354 1604 dolore
1395 1562 1665 1616 triumphum
1703 1562 2010 1616 iustissimum,
2051 1576 2131 1618 ego

424 1631 536 1672 enim
568 1632 694 1686 plane
727 1633 849 1675 video
881 1633 974 1675 fore
1006 1635 1162 1688 nervis,
1195 1634 1369 1688 opibus,
1403 1633 1618 1688 sapientia
1649 1636 1745 1689 tua,
1775 1633 2052 1675 vehementer
2082 1636 2132 1674 ut

422 1702 621 1745 inimicos
661 1706 760 1745 tuos
797 1705 1018 1759 paeniteat
1056 1704 1417 1758 intemperantiae
1457 1719 1568 1746 suae.
1626 1705 1676 1745 de
1715 1719 1782 1746 me
1820 1704 1903 1746 tibi
1942 1704 2004 1746 sic
2035 1719 2131 1746 con·
2149 1718 2184 1743 20

423 1776 589 1815 testans
619 1775 759 1816 omnis
787 1775 888 1817 deos
910 1775 1121 1830 promitto
1150 1778 1279 1830 atque
1306 1776 1527 1830 confirmo,
1557 1790 1624 1816 me
1644 1790 1722 1830 pro
1744 1778 1820 1817 tua
1839 1775 2053 1831 dignitate
2077 1800 2129 1807 -—

423 1844 536 1886 malo
582 1845 696 1886 enim
740 1846 900 1901 dicere,
946 1861 1074 1901 quam
1113 1860 1190 1900 pro
1229 1846 1368 1887 salute
1401 1870 1455 1875 —-
1488 1846 1534 1887 in
1569 1845 1651 1887 hac
1695 1845 1933 1901 provincia,
1977 1846 2046 1888 cui
2083 1849 2132 1887 tu

421 1916 669 1972 praefuisti,
713 1917 905 1972 rogando
945 1916 1255 1972 deprecatoris,
1298 1916 1535 1958 laborando
1573 1916 1822 1971 propinqui,
1869 1917 2130 1959 auctoritate

423 1987 511 2028 cari
549 1987 758 2042 hominis,
795 1991 845 2029 ut
884 2003 1027 2042 spero,
1067 1988 1179 2042 apud
1219 1988 1436 2042 civitates,
1476 1987 1692 2043 gravitate
1731 1988 2007 2042 imperatoris
2039 2002 2130 2029 sus-

423 2060 649 2112 cepturum
695 2058 839 2100 officia
883 2062 1012 2113 atque
1056 2059 1206 2113 partis.
1271 2058 1414 2100 omnia
1457 2058 1555 2100 volo
1596 2073 1620 2099 a
1659 2073 1726 2099 me
1769 2061 1812 2100 et
1852 2059 2047 2113 postules
2086 2061 2129 2100 et
2150 2071 2185 2097 25

424 2132 639 2183 expectes:
681 2130 851 2171 vincam
890 2130 998 2171 meis
1031 2129 1186 2171 officiis
1225 2129 1515 2185 cogitationes
1548 2132 1657 2171 tuas.
1717 2129 1763 2178 Q.
1798 2128 2005 2171 Servilius
2037 2144 2129 2184 per-

423 2199 564 2241 brevis
604 2200 711 2241 mihi
744 2216 769 2242 a
800 2203 843 2242 te
882 2201 1052 2242 litteras
1091 2200 1294 2255 reddidit,
1336 2215 1443 2254 quae
1482 2200 1590 2241 mihi
1628 2202 1774 2242 tamen
1811 2200 1941 2242 nimis
1973 2201 2128 2256 longae

423 2270 538 2312 visae
572 2274 685 2326 sunt,
717 2271 919 2313 iniuriam
945 2271 1060 2313 enim
1087 2271 1195 2312 mihi
1226 2271 1320 2312 fieri
1345 2271 1568 2326 putabam,
1601 2286 1699 2313 cum
1724 2271 1922 2327 rogabar.
1966 2271 2127 2312 nollem

423 2341 649 2383 accidisset
681 2345 864 2398 tempus,
898 2343 943 2383 in
975 2358 1059 2398 quo
1091 2342 1334 2397 perspicere
1360 2357 1523 2397 posses,
1556 2342 1707 2397 quanti
1740 2345 1794 2396 te,
1827 2342 1977 2396 quanti
2002 2340 2128 2383 Pom-

422 2413 586 2468 peium,
631 2428 757 2468 quem
794 2429 927 2455 unum
967 2428 1017 2454 ex
1057 2413 1256 2455 omnibus
1295 2413 1426 2468 facio,
1464 2416 1513 2454 ut
1551 2413 1703 2467 debeo,
1741 2413 1937 2468 plurimi,
1975 2412 2127 2467 quanti
2147 2424 2181 2450 30

422 2482 608 2524 Brutum
639 2483 826 2525 facerem
856 2509 905 2514 —
936 2499 1196 2539 quamquam
1228 2484 1275 2525 in
1307 2484 1614 2526 consuetudine
1648 2483 1865 2525 cotidiana
1888 2483 2126 2538 perspexis-

424 2568 504 2609 ses,
537 2554 665 2596 sicuti
690 2555 924 2610 perspicies
948 2572 1021 2610 ——3
1054 2555 1139 2609 sed,
1173 2555 1377 2609 quoniam
1404 2555 1573 2610 accidit,
1604 2555 1640 2596 si
1668 2555 1770 2609 quid
1796 2570 1822 2596 a
1846 2569 1913 2596 me
1939 2556 2126 2609 praeter-

424 2625 604 2666 missum
643 2626 743 2681 erit,
783 2626 1061 2668 commissum
1094 2625 1261 2675 facinus
1300 2628 1343 2666 et
1382 2625 1617 2667 admissum
1657 2626 1836 2668 dedecus
1875 2625 2124 2667 confitebor.

422 2694 692 2751 PomptinUS,
725 2697 798 2751 qui
824 2712 849 2738 a
873 2700 916 2739 te
943 2699 1156 2738 tractatus
1190 2699 1256 2737 est
1287 2696 1528 2751 praestanti
1560 2710 1610 2738 36
1642 2696 1852 2752 singulari
1878 2695 1973 2750 fide,
2004 2695 2123 2736 cuius

543 2828 571 2859 1.
593 2823 633 2858 111
652 2835 718 2859 om.
733 2826 767 2858 Ω
786 2826 797 2869 Η
817 2828 847 2859 8.
869 2825 1141 2868 inscriptionem
1161 2835 1226 2859 om.
1244 2823 1316 2858 GR
1335 2825 1346 2868 Η
1367 2827 1397 2858 9.
1420 2824 1508 2858 (111111
1524 2825 1557 2860 G
1576 2827 1587 2869 Η
1608 2828 1661 2859 10.
1682 2822 1902 2858 facesserint
1913 2822 1961 2866 R,
1982 2821 2123 2857 facesse

424 2870 524 2914 rupit
551 2872 583 2905 G
603 2873 614 2915 Η
637 2876 688 2905 12.
716 2871 768 2905 mi
793 2873 848 2915 M,
873 2871 966 2905 mihi
993 2883 1012 2908 ς
1033 2873 1044 2915 Η
1064 2871 1163 2915 quod
1189 2871 1241 2917 et]
1269 2871 1369 2914 quod
1391 2871 1423 2906 G
1443 2873 1454 2916 Η
1475 2875 1528 2906 14.
1556 2871 1629 2906 tibi
1654 2871 1767 2906 etiam
1793 2881 1858 2905 om.
1885 2869 1922 2905 R
1941 2870 1953 2914 Η
1973 2873 2027 2904 18.
2047 2869 2123 2904 1116-

424 2918 482 2950 tor
507 2917 561 2960 R,
592 2918 713 2952 uictor
738 2931 782 2954 ea:
806 2918 941 2953 uictori
965 2919 1126 2954 radendo
1153 2919 1214 2961 M,
1241 2917 1361 2952 uictor
1385 2918 1505 2953 uictor
1532 2920 1609 2963 (alt.
1635 2930 1714 2962 eoep.
1739 2929 1783 2952 m.
1805 2919 1840 2960 2)
1870 2917 1903 2952 G
1928 2918 1940 2961 Η
1967 2927 2012 2951 ex
2039 2917 2123 2959 GR,

426 2964 463 2996 et
489 2974 532 2996 ex
553 2966 597 2998 M
614 2967 625 3008 Η
645 2965 772 3000 doloro
793 2967 840 3000 M
856 2968 867 3010 Η
889 2969 942 3000 19.
962 2964 1085 2999 nervis
1105 2976 1171 3000 om.
1192 2966 1227 3000 R
1247 2967 1258 3010 Η
1278 2968 1333 3000 20.
1355 2969 1410 3000 21.
1438 2965 1491 3000 sic
1517 2965 1746 3009 contestans]
1776 2963 1807 2997 si
1833 2965 2047 2998 contestans
2067 2964 2122 3008 M,

426 3009 522 3043 sieut
552 3013 694 3045 testans
729 3013 800 3048 GR
837 3015 848 3058 Η
886 3017 940 3047 22.
975 3012 1086 3058 (ita)
1121 3012 1242 3046 dicere
1276 3012 1350 3047 alii.
1390 3018 1429 3047 at
1458 3026 1490 3048 v.
1519 3013 1554 3048 Ο.
1575 3013 1622 3046 F.
1652 3012 1706 3046 W.
1727 3012 1865 3046 IVIv'iHer
1895 3012 1944 3046 ad
1977 3011 2048 3046 Cic.
2080 3011 2124 3045 de

425 3057 483 3099 off.
511 3056 553 3100 Π,
575 3062 629 3101 21,
653 3062 695 3092 74
714 3062 725 3103 Η
746 3063 799 3093 26.
828 3060 1014 3105 expectes]
1054 3061 1197 3102 spectes
1223 3061 1258 3093 Ω,
1276 3061 1287 3103 Η
1307 3063 1361 3094 29.
1390 3059 1570 3094 accidisse
1598 3058 1647 3093 G¹
1667 3060 1678 3103 Η
1698 3061 1752 3092 31.
1775 3061 1829 3093 32.
1856 3057 2121 3103 perspexisses]

424 3104 643 3147 perspexisti
671 3106 881 3151 ll‘esenbery
900 3109 911 3151 Η
932 3110 985 3141 32.
1016 3117 1037 3139 a
1064 3117 1108 3140 er
1134 3106 1180 3139 ad
1207 3106 1255 3139 M
1259 3110 1285 3150 0,
1311 3111 1352 3140 ut
1378 3108 1448 3141 rid.
1477 3108 1489 3151 Η
1517 3109 1571 3141 34.
1598 3104 1833 3151 Pomptinus]
1859 3103 2062 3150 pomitinus
2087 3106 2122 3139 ,Ω
