2242 3496
325 453 343 482 0¹

320 1817 340 1847 10

372 121 456 164 226
968 113 1015 147 Μ.
1043 110 1181 145 TVLLI
1209 107 1459 143 CICERONIS

370 230 452 270 hoc
483 228 618 269 nolim
651 240 716 266 me
750 222 880 264 iocari
912 223 1054 274 putes;
1092 232 1192 258 nam
1231 217 1337 258 mihi
1375 216 1484 258 scito
1516 216 1604 257 iam
1634 231 1659 257 a
1690 215 1865 271 regibus
1896 214 2064 257 ultimis

372 300 524 341 allatas
558 312 649 338 esse
682 296 867 346 litteras,
904 291 1059 344 quibus
1097 288 1204 329 mihi
1243 287 1404 343 gratias
1438 289 1587 342 agant,
1626 287 1738 341 quod
1771 301 1815 328 se
1848 301 1943 328 mea
1975 301 2065 327 sen-

371 370 509 411 tentia
551 381 672 421 reges
717 360 1040 417 appellaverim,
1085 373 1192 413 quos
1231 372 1311 413 ego
1349 372 1436 398 non
1474 357 1601 398 modo
1643 371 1768 412 reges
1813 357 2065 411 appellatos,

372 440 443 481 sed
483 437 654 479 omnino
692 436 818 474 natos
856 430 1113 472 nesciebam.
1175 428 1301 483 equid
1341 442 1444 484 ergo
1483 428 1600 469 est‘?'
1661 431 1826 483 tamen,
1863 427 2066 481 quamdiu

370 510 439 550 hic
483 507 563 548 erit
602 501 861 545 nosterhie
904 499 1147 554 praefectus
1193 499 1404 553 moribus,
1447 498 1607 552 parebo
1653 498 1906 539 auctoritati
1949 501 2067 553 tuae,

370 592 497 632 quom
533 590 632 616 vero
666 572 817 626 aberit,
850 572 901 612 ad
933 571 1091 625 fungos
1118 585 1184 611 me
1211 573 1309 611 tuos
1336 569 1565 611 conferam.
1624 570 1798 610 domum
1825 569 1861 610 si
1886 569 2068 624 habebo,

368 650 412 689 iu
445 649 574 688 denos
608 645 696 685 dies
730 642 925 698 singulos
959 641 1253 696 sumptuariae
1285 641 1394 696 legis
1428 640 1518 681 dies
1552 640 1790 694 conferam,
1824 640 1891 681 sin
1923 642 2067 682 autem

370 717 508 759 minus
541 717 760 767 invenero,
794 713 907 768 quod
940 713 1128 767 placeat,
1161 711 1328 753 decrevi
1360 711 1558 752 habitare
1592 711 1705 766 apud
1737 714 1798 765 te,
1832 710 1920 752 scio
1953 709 2067 752 enim

369 803 434 829 nie
472 786 580 827 nihil
619 785 701 826 tibi
739 784 905 840 gratius
943 783 1083 825 facere
1120 797 1259 837 posse.
1322 782 1496 824 domum
1531 781 1753 824 Sullanam
1787 781 2067 836 desperabam

367 859 470 911 iam,
508 860 557 897 ut
588 856 669 896 tibi
707 855 901 910 proxime
935 854 1106 908 scripsi,
1146 854 1218 895 sed
1257 856 1401 895 tamen
1438 868 1526 894 non
1558 853 1712 894 abieci:
1754 856 1802 894 tu
1834 853 1980 906 velim,
2019 855 2068 893 ut

367 927 538 981 scribis,
577 942 673 968 cum
704 926 839 967 fabris
872 940 966 966 eam
1003 925 1258 980 perspicias3
1297 925 1333 966 si
1366 925 1480 965 enim
1512 924 1621 965 nihil
1655 927 1721 965 est
1751 924 1796 964 in
1829 923 2066 977 parietibus

368 1003 442 1041 aut
474 1000 518 1039 in
550 1000 666 1039 tecto
699 997 806 1051 vitii,
838 1000 981 1038 cetera
1012 995 1120 1037 mihi
1151 996 1463 1050 probabuntur.

1068 1161 1185 1203 XVI.
1233 1160 1370 1219 (210.)

803 1267 1015 1311 oicERo
1049 1267 1330 1322 [PAPIRIO]
1362 1267 1553 1310 PAETO
1590 1267 1629 1309 s

485 1378 767 1420 Delectarunt
798 1391 865 1418 me
897 1379 997 1418 tuae
1023 1376 1206 1430 litterae,
1239 1375 1284 1416 in
1316 1375 1470 1431 quibus
1497 1375 1686 1430 primum
1713 1374 1852 1416 amavi
1879 1389 2069 1416 amorem
2107 1388 2122 1413 5

366 1453 500 1504 tuum,
534 1449 607 1504 qui
633 1452 676 1490 te
703 1449 755 1489 ad
782 1447 1057 1490 scribendum
1083 1447 1283 1488 incitavit
1309 1449 1540 1501 verentem,
1570 1461 1623 1488 ne
1652 1445 1784 1488 Silius
1811 1461 1888 1488 suo
1913 1445 2068 1487 nuntio

366 1521 528 1576 aliquid
574 1520 681 1561 mihi
733 1519 1038 1561 sollicitudinis
1088 1518 1330 1572 attulisset,
1382 1518 1432 1559 de
1477 1532 1561 1572 quo
1607 1520 1649 1559 et
1693 1520 1741 1559 tu
1785 1517 1893 1559 mihi
1943 1519 2070 1559 antea

366 1593 600 1647 scripseras
633 1615 691 1619 —
721 1591 789 1632 bis
823 1590 995 1644 quidem
1030 1589 1178 1630 eodem
1210 1589 1423 1644 exemplo,
1455 1589 1581 1631 facile
1613 1592 1663 1630 ut
1694 1589 1995 1644 intellegerem
2026 1591 2069 1630 te

366 1678 459 1704 esse
493 1665 758 1704 commotum
789 1686 847 1690 —
879 1664 922 1702 et
955 1674 1035 1715 ego
1069 1660 1151 1701 tibi
1183 1663 1381 1701 accurate
1411 1660 1728 1714 rescripseram,
1760 1663 1820 1715 ut,
1854 1659 2069 1714 quomodo

366 1736 411 1776 in
456 1734 534 1775 tali
573 1749 617 1774 re
660 1736 788 1787 atque
832 1735 1047 1786 tempore,
1091 1734 1166 1772 aut
1209 1731 1440 1772 liberarem
1481 1734 1523 1772 te
1562 1731 1648 1772 ista
1691 1746 1793 1772 cura
1836 1734 1910 1772 aut
1955 1733 2068 1772 certe

367 1806 573 1859 levarem,
614 1805 705 1857 sed7
744 1803 948 1858 quoniam
986 1802 1194 1856 proximis
1234 1817 1405 1856 quoque
1437 1802 1598 1843 litteris
1631 1802 1841 1857 ostendis,
1883 1805 2070 1857 quantae

366 1876 447 1917 tibi
487 1890 611 1917 curae
651 1876 708 1916 sit
746 1890 795 1915 ea
833 1889 919 1927 res,
964 1873 1042 1927 sic,
1087 1873 1146 1914 mi
1185 1873 1333 1927 Paete,
1377 1873 1554 1914 habeto:
1600 1873 1804 1927 quicquid
1847 1876 1939 1915 arte
1976 1873 2071 1914 fieri

366 1947 558 2002 potuerit
593 1972 641 1975 —
676 1960 763 1987 non
802 1946 915 1986 enim
960 1945 1046 1985 iam
1092 1944 1198 1985 satis
1243 1946 1309 1985 est
1353 1944 1533 1985 consilio
1579 1958 1792 1999 pugnare:
1838 1943 2069 1985 artificium

369 2018 583 2072 quoddam
615 2016 947 2071 excogitandum
980 2018 1047 2056 est
1078 2040 1152 2069 —,
1191 2015 1263 2056 sed
1298 2018 1460 2070 tamen,
1503 2015 1706 2071 quicquid
1745 2015 1959 2057 elaborari
1996 2017 2070 2056 aut

368 2089 480 2130 effici
518 2087 711 2142 potuerit
744 2088 795 2128 ad
827 2088 1012 2127 istorum
1050 2086 1396 2128 benevolentiam
1435 2087 1749 2128 conciliandam
1781 2089 1825 2128 et
1856 2086 2070 2142 conligen-

369 2160 486 2214 dam,
518 2174 685 2200 summo
719 2158 863 2199 studio
895 2173 962 2199 me
996 2160 1275 2199 consecutum
1309 2173 1419 2210 esse,
1457 2173 1535 2199 nec
1567 2158 1747 2212 frustra,
1784 2161 1834 2199 ut
1867 2158 2073 2212 arbitror,

370 2231 430 2272 sic
464 2231 576 2271 enim
610 2229 741 2284 color,
774 2229 835 2270 sic
867 2230 1074 2270 observor
1101 2230 1154 2269 ab
1187 2229 1386 2270 omnibus
1419 2229 1493 2284 eis,
1526 2230 1600 2283 qui
1627 2245 1651 2270 a
1677 2227 1860 2271 Caesare
1887 2228 2072 2284 diligun-

370 2305 459 2355 tur,
496 2304 544 2341 ut
583 2301 636 2341 ab
677 2300 737 2341 eis
778 2315 843 2340 mc
884 2300 1018 2340 amari
1056 2303 1222 2355 putem3
1263 2315 1364 2341 nam
1403 2301 1485 2341 etsi
1523 2316 1611 2341 non
1648 2300 1773 2342 facile
1812 2300 2073 2342 diiudicatur

371 2387 491 2413 amor
524 2386 646 2413 verus
675 2374 717 2411 et
743 2371 881 2425 fictus,
913 2371 996 2411 nisi
1023 2371 1197 2425 aliquod
1224 2371 1376 2412 incidit
1403 2372 1612 2413 eiusmodi
1639 2374 1822 2426 tempus,
1854 2374 1915 2425 ut,
1948 2369 2072 2425 quasi

372 2458 522 2484 aurum
554 2443 664 2498 igni,
704 2442 763 2483 sic
801 2433 1093 2483 benivolentia
1129 2442 1268 2483 fidelis
1307 2442 1498 2496 periculo
1533 2443 1678 2497 aliquo
1710 2442 1899 2497 perspici
1929 2441 2070 2496 possit

376 2539 423 2542 ——
460 2517 601 2555 cetera
634 2516 734 2554 sunt
766 2513 890 2567 signa
923 2512 1168 2553 communia
1205 2538 1273 2567 —,
1314 2514 1385 2554 sed
1425 2528 1505 2568 ego
1537 2529 1623 2555 uno
1663 2517 1764 2555 utor
1803 2515 2073 2569 argumento,

492 2646 522 2677 1.
549 2641 664 2676 iocari
690 2651 748 2675 me
776 2641 819 2674 H
846 2643 858 2685 Η
889 2644 919 2675 5.
947 2642 1073 2675 noster
1098 2641 1159 2675 hic
1186 2642 1285 2685 MD,
1318 2643 1444 2676 noster
1469 2642 1514 2676 H
1540 2644 1552 2688 Η
1582 2642 1698 2687 praef.
1725 2642 1789 2688 m]
1815 2654 1846 2677 v.
1874 2641 2074 2676 Mommsen

375 2690 417 2724 ‘oz
445 2690 611 2724 is‘taatsrf
641 2690 698 2722 ΙΙ3
726 2701 763 2733 p.
787 2692 863 2732 706,
887 2692 904 2722 1
939 2690 950 2733 ss
980 2688 1120 2733 parebo
1152 2700 1241 2724 corr.
1270 2701 1314 2724 αι’
1338 2690 1454 2734 probo
1481 2691 1536 2734 D,
1567 2690 1683 2734 probo
1714 2689 1806 2723 ΜΗ
1836 2691 1848 2733 ss
1885 2691 1916 2723 6.
1943 2688 2071 2731 quom]

373 2748 483 2780 quam
513 2739 564 2780 Ψ,
599 2748 681 2769 cum
708 2741 729 2770 ς
763 2738 773 2780 Η
807 2739 860 2771 14.
887 2735 1036 2780 Papirio
1069 2748 1134 2771 om.
1162 2738 1238 2771 ivd.
1267 2737 1359 2771 ΜΗ
1391 2739 1402 2782 Ι]
1441 2740 1494 2772 15,
1521 2737 1671 2771 litterae
1702 2738 1789 2771 tuae
1816 2736 1860 2770 H
1887 2737 1898 2780 ΙΙ
1930 2735 2070 2780 amavi]

375 2783 620 2817 animadverti
642 2784 775 2827 Klemz,
803 2783 939 2827 agnovi
960 2788 1042 2827 post
1062 2784 1237 2818 Bootium
1262 2785 1363 2829 (⁶0bs.
1385 2785 1480 2820 crit?
1504 2797 1542 2829 p.
1565 2787 1635 2829 20),
1662 2785 1726 2829 qui
1749 2788 1867 2818 tamen
1891 2783 2073 2826 improbat

376 2832 464 2873 ipse,
501 2831 637 2865 Becher
670 2831 938 2875 (lVoelze‘nschr.
965 2831 990 2873 f.
1018 2831 1123 2865 lclass.
1150 2831 1284 2866 Plzz'lol.
1314 2835 1403 2866 1889
1425 2844 1463 2876 2).
1488 2834 1604 2875 1229).
1649 2835 1693 2873 cf.
1720 2831 1909 2865 Lehmann
1936 2841 1974 2873 p.
1997 2832 2041 2862 85
2061 2829 2073 2874 ΙΙ

376 2881 429 2911 17.
452 2879 562 2911 antea
576 2879 630 2921 M,
658 2879 744 2911 ante
761 2877 841 2912 HD
859 2878 870 2921 ΙΙ
893 2881 944 2910 18.
966 2876 1024 2910 bis
1046 2878 1100 2920 M,
1122 2877 1179 2911 his
1194 2879 1275 2912 HD
1295 2880 1306 2923 ss
1327 2883 1382 2914 19.
1410 2878 1613 2926 <quo>quo
1632 2878 1743 2911 modo
1763 2878 1831 2911 aliz·
1849 2879 1861 2919 ΙΙ
1880 2880 1936 2911 22.
1956 2876 2072 2910 habet

376 2924 455 2957 HD
491 2927 502 2968 ll
538 2929 593 2959 23.
620 2924 784 2969 potuerit
810 2935 848 2967 ς,
881 2924 1019 2968 poterit
1047 2927 1086 2957 Ψ
1120 2926 1131 2969 Η
1169 2929 1224 2960 25.
1252 2929 1306 2961 26.
1341 2926 1617 2960 conciliandum
1642 2926 1680 2958 et
1711 2923 1973 2968 conligendum
1997 2924 2047 2957 M
2060 2926 2071 2964 Η

376 2974 430 3005 27,
459 2971 524 3015 cis]
553 2972 598 3005 iis
625 2973 678 3015 M,
706 2972 763 3005 his
792 2971 870 3005 HD
890 2972 902 3015 Η
921 2982 943 3004 a
969 2982 1118 3005 caesare
1146 2972 1202 3016 H,
1230 2984 1379 3007 caesare
1406 2974 1490 3008 MD
1509 2974 1520 3017 ΙΙ
1539 2976 1593 3006 28.
1622 2973 1664 3005 ut
1689 2972 1748 3015 M,
1776 2982 1842 3006 om.
1870 2971 1951 3005 HD
1969 2973 1980 3015 ss
2000 2970 2070 3016 eis]

376 3017 433 3050 liis
462 3020 508 3061 Ψ,
535 3018 580 3051 iis
610 3019 720 3053 Orelli
740 3021 751 3062 Η
770 3030 857 3052 nam
883 3017 970 3062 etsi]
999 3018 1150 3052 tametsi
1176 3021 1245 3053 alii
1269 3022 1280 3064 Η
1306 3020 1560 3054 diiudicantur
1586 3019 1796 3063 lVesenbery
1815 3020 1826 3063 ΙΙ
1846 3021 1901 3053 29.
1928 3017 2073 3052 incidat

377 3075 420 3098 ea*
446 3064 517 3097 -dit
543 3065 618 3108 ΜΟ,
643 3070 683 3099 ut
709 3067 781 3100 vid.
809 3068 819 3109 ΙΙ
849 3069 903 3099 30.
932 3064 1056 3108 aliquo
1082 3066 1244 3109 perspici
1266 3088 1306 3091 —
1329 3072 1384 3102 31.
1412 3067 1628 3111 argumento
1655 3077 1720 3100 om.
1748 3065 1792 3099 H

2088 867 2121 891 10

2089 1745 2123 1769 20

2091 2098 2124 2124 25

2090 2455 2125 2480 30
