2242 3496
657 213 997 250 EPISTVLARVM
1024 214 1118 250 XVI.
1146 219 1201 250 23.
1227 218 1283 250 24.
1311 218 1365 251 25.
1392 217 1447 250 26.
1818 215 1904 256 443

210 321 490 376 Octavianus,
534 322 634 377 quid
673 322 908 378 Antonius,
952 338 1058 378 quae
1097 322 1320 365 hominum
1360 323 1525 378 opinio,
1568 322 1668 378 quid
1712 323 1905 364 futurum

209 396 344 447 putes.
402 407 481 447 ego
521 393 590 434 vix
630 397 797 449 teneor,
841 394 944 448 quin
982 408 1214 436 accurram.
1277 394 1350 436 sed
1390 395 1448 435 st!
1493 393 1664 435 litteras
1707 397 1802 435 tuas
1840 409 1905 435 ex-

210 466 368 518 specto,
426 466 469 504 et
502 464 609 505 scito
642 463 826 506 Balbum
859 467 950 505 tum
990 464 1122 506 fuisse
1155 465 1333 519 Aquini,
1376 479 1471 506 cum
1509 464 1591 506 tibi
1629 466 1695 505 est
1732 464 1907 515 dictum,

210 537 253 574 et
278 534 486 588 postridie
515 534 723 576 Hirtium:
756 538 861 589 puto
887 539 1116 590 utrumque
1144 536 1195 576 ad
1222 550 1372 590 aquas,
1404 535 1477 577 sed
1504 534 1617 589 quod
1644 534 1812 590 egerint
1838 559 1906 576 —.

175 619 191 643 5
211 603 461 647 Dolabellae
483 609 782 660 procuratores
803 606 870 648 fac
892 608 939 647 ut
960 606 1286 648 admoneantur:
1308 607 1545 661 appellabis
1567 605 1698 647 etiam
1715 604 1906 660 Papiam.

210 676 314 718 vale.

899 758 1033 801 xxv.
1077 758 1213 815 (343.)

685 864 897 909 cmnRo
932 865 977 907 F.
1010 865 1215 908 TIRONI
1250 864 1360 908 svo
1396 865 1435 908 s.

327 972 426 1013 Etsi
459 973 575 1013 iusta
606 975 649 1013 et
681 972 834 1014 idonea
865 987 968 1014 usus
998 987 1041 1014 es
1069 972 1344 1014 excusatione
1378 972 1713 1014 intermissionis
1746 973 1909 1014 littera-

157 1055 190 1080 10
209 1057 304 1084 rum
337 1044 522 1098 tuarum,
554 1046 711 1098 tamen,
743 1043 785 1084 id
816 1058 869 1084 ne
903 1043 1073 1098 saepius
1105 1043 1258 1098 facias,
1289 1058 1415 1100 rogo3
1446 1058 1564 1097 nam,
1597 1043 1678 1084 etsi
1711 1044 1760 1084 de
1793 1058 1837 1085 re
1870 1059 1909 1098 p.

209 1112 454 1154 rumoribus
486 1116 529 1154 et
559 1113 723 1155 nuntiis
756 1114 914 1156 certior
945 1113 1001 1156 fio
1034 1117 1078 1155 et
1109 1114 1159 1155 de
1193 1129 1270 1156 sua
1301 1114 1346 1155 in
1377 1128 1444 1155 me
1477 1114 1701 1155 voluntate
1741 1128 1910 1168 semper

209 1183 262 1226 ad
294 1198 360 1225 me
393 1183 624 1239 perscribit
655 1187 789 1239 pater,
820 1188 967 1226 tamen
999 1185 1048 1227 de
1083 1185 1233 1240 quavis
1266 1185 1445 1226 minima
1476 1199 1521 1226 re
1549 1184 1710 1239 scripta
1737 1199 1761 1225 a
1787 1187 1828 1225 te
1857 1185 1910 1226 ad

209 1269 276 1296 me
320 1254 506 1309 epistula
551 1270 717 1310 semper
760 1255 844 1297 fuit
888 1256 1149 1311 gratissima.
1211 1270 1341 1312 quare
1387 1270 1483 1298 cum
1527 1255 1572 1297 in
1615 1255 1768 1310 primis
1813 1258 1909 1297 tuas

209 1325 446 1367 desiderem
478 1325 665 1381 litteras,
708 1327 798 1369 noli
831 1327 1120 1381 committere,
1160 1330 1209 1369 ut
1241 1326 1516 1369 excusatione
1554 1327 1699 1381 potius
1739 1327 1909 1381 expleas

156 1408 189 1435 15
209 1396 401 1439 officium
433 1397 647 1439 scribendi
680 1413 809 1453 quam
842 1398 1095 1440 assiduitate
1129 1398 1424 1453 epistularum.
1482 1398 1585 1439 vale.

889 1551 1048 1594 XXVI.
1094 1551 1229 1609 (347.)

625 1657 879 1708 QVINTVS
912 1657 1119 1701 TIRONI
1153 1657 1263 1701 svo
1295 1658 1340 1700 P.
1375 1657 1416 1700 s.
1449 1658 1499 1700 D.

329 1764 564 1807 Verberavi
597 1769 638 1807 te
667 1764 942 1821 cogitationis
975 1766 1109 1807 tacito
1143 1766 1369 1807 dumtaxat
1402 1765 1614 1820 convicio,
1648 1766 1760 1820 quod
1787 1766 1909 1808 fasci-

210 1836 334 1878 culus
373 1837 482 1878 alter
521 1836 572 1878 ad
606 1851 672 1878 me
712 1837 798 1878 iam
837 1836 927 1877 sine
966 1837 1053 1878 tuis
1092 1836 1252 1878 litteris
1290 1836 1484 1891 perlatus
1524 1839 1600 1878 est.
1662 1851 1749 1878 11011
1786 1840 1910 1891 potes

157 1919 192 1944 2⁰
210 1906 396 1963 effugere
428 1907 556 1949 huius
589 1908 738 1962 culpae
777 1921 961 1962 poenam
998 1910 1040 1948 te
1073 1910 1276 1962 patrono:
1318 1907 1489 1949 Marcus
1528 1910 1594 1949 est
1633 1907 1911 1961 adhibendus,

207 1978 328 2034 isque
370 1978 442 2020 diu
481 1981 524 2020 et
561 1979 711 2021 multis
749 1978 1123 2020 lucubrationibus
1163 1981 1453 2021 commentata
1497 1978 1691 2020 oratione
1731 1978 1824 2020 vide
1863 1982 1912 2020 ut

207 2049 391 2104 probare
422 2049 563 2104 possit
595 2052 636 2091 te
668 2064 755 2092 non
786 2064 996 2104 peccasse.
1052 2049 1178 2104 plane
1211 2052 1253 2091 te
1286 2063 1410 2105 rogo:
1444 2048 1556 2090 sicut
1589 2048 1693 2090 olim
1728 2052 1910 2091 matrem
1940 2083 1957 2092 „

207 2123 403 2162 nostram
435 2120 573 2162 facere
607 2119 800 2175 memini,
846 2135 952 2175 quae
985 2121 1165 2176 lagonas
1199 2120 1330 2162 etiam
1361 2120 1502 2161 inanis
1545 2119 1820 2176 opsignabat,
1858 2136 1910 2162 ne

209 2190 453 2233 dicerentur
484 2191 633 2233 inanes
667 2191 835 2246 aliquae
868 2191 1022 2247 fuisse,
1054 2207 1162 2247 quae
1195 2191 1345 2233 furtim
1378 2193 1522 2232 essent
1554 2190 1810 2245 exsiccatae,
1851 2191 1911 2233 sic

157 2276 192 2302 25
211 2264 271 2316 tu,
304 2261 494 2316 etiamsi,
527 2262 640 2316 quod
674 2262 856 2316 scribas,
895 2277 980 2304 non
1012 2262 1210 2317 habebis,
1248 2262 1427 2304 scribito
1460 2264 1625 2316 tamen,
1662 2277 1714 2303 ne
1747 2261 1911 2303 furtum

211 2332 465 2375 cessationis
499 2333 762 2388 quaesivisse
793 2333 996 2386 videaris,
1035 2333 1157 2375 valde
1191 2333 1312 2376 enims
1343 2333 1403 2375 mi
1442 2347 1611 2388 semper
1649 2335 1692 2374 et
1731 2347 1830 2374 vera
1869 2336 1912 2374 et

209 2403 350 2445 dulcia
383 2404 469 2445 tuis
502 2403 699 2458 epistulis
731 2403 996 2445 nuntiantur.
1053 2419 1150 2446 ama
1180 2418 1259 2446 nos
1293 2407 1336 2446 et
1368 2405 1475 2446 vale.

329 2547 359 2579 1.
387 2543 607 2579 octauianus
630 2543 720 2586 FH,
747 2543 916 2578 octauius
938 2544 1030 2579 MD.
1075 2545 1120 2586 cf.
1143 2544 1181 2579 O.
1198 2545 1242 2579 Ε.
1260 2544 1419 2579 Schmidt
1440 2556 1525 2579 ame.
1547 2545 1634 2586 phil.
1659 2546 1748 2578 1884
1764 2556 1801 2587 J).
1819 2547 1883 2577 631
1901 2545 1903 2580 1

209 2595 240 2626 2.
269 2592 304 2625 st
330 2592 526 2626 Manutius
552 2594 610 2635 (cs.
632 2592 727 2626 Boot
753 2593 801 2626 acl
829 2592 899 2626 Cic.
927 2593 975 2626 (ιιί
1001 2592 1076 2626 Λα.
1097 2591 1140 2636 ΙΙ,
1165 2596 1195 2635 1,
1218 2594 1288 2636 10),
1316 2591 1346 2625 si
1367 2592 1421 2635 M,
1448 2604 1513 2627 om.
1537 2591 1666 2625 FHD.
1708 2590 1885 2628 scilicetg
1910 2629 1911 2633 Ἰ

208 2642 240 2673 3.
267 2650 355 2682 (111111
375 2639 424 2673 M
437 2640 449 2683 ss
468 2642 500 2674 4.
521 2638 674 2673 hirtium
697 2639 791 2681 MD,
816 2637 945 2682 hyium
968 2639 1014 2682 F,
1038 2651 1103 2674 om.
1124 2650 1203 2673 cum
1223 2643 1315 2684 spat.
1337 2642 1426 2673 6—7
1449 2640 1517 2673 litt.
1539 2638 1583 2672 H
1597 2640 1608 2683 ΙῙ
1628 2638 1743 2683 quod]
1765 2637 1854 2682 quid
1877 2651 1907 2674 ς.

207 2686 252 2727 cf.
274 2686 323 2719 acl
342 2698 393 2729 ep.
416 2689 471 2730 23,
494 2690 510 2720 1
532 2688 543 2731 ΙΙ
564 2689 594 2721 9.
622 2685 907 2720 intermissionis
935 2697 966 2729 ς,
994 2697 1078 2721 -one
1102 2686 1188 2720 ΨΓ.
1236 2685 1337 2733 (de)
1362 2685 1637 2720 intermissione
1665 2686 1732 2720 alti
1750 2686 1762 2729 ss
1784 2689 1835 2719 10.
1862 2696 1908 2720 ne

207 2732 247 2766 id
273 2732 316 2766 H
331 2734 343 2777 ΙΙ
364 2736 418 2768 11.
444 2733 585 2767 nuntiis
611 2733 746 2768 certior
770 2734 817 2767 fio
844 2732 936 2776 MD,
963 2732 1104 2767 nuntiis
1129 2733 1176 2767 fio
1204 2733 1255 2775 H,
1280 2732 1437 2767 nuncius
1463 2733 1509 2767 fio
1539 2733 1578 2767 F
1594 2734 1605 2777 ΙΙ
1626 2736 1680 2766 12.
1707 2732 1907 2776 perscribis

209 2779 319 2824 FHn
347 2779 498 2815 minime
525 2780 609 2815 ΓΗ
635 2782 647 2825 ΙΙ
680 2784 732 2815 14.
761 2779 1010 2814 desiderarem
1037 2780 1081 2814 H
1107 2782 1118 2825 ΙΙ
1151 2783 1204 2815 17.
1233 2779 1459 2826 QVINTVS]
1488 2779 1527 2821 Q.
1559 2779 1645 2820 ΨΡ,
1674 2779 1713 2821 Q.
1737 2778 1906 2813 CICERO

215 2827 425 2870 lVesenberq
444 2828 456 2872 ΙΙ
475 2827 512 2862 P.
529 2827 563 2862 S.
578 2827 637 2873 D.]
658 2827 751 2872 plur.
774 2839 799 2861 s.
816 2827 849 2861 d.
868 2827 919 2870 M,
940 2826 1033 2872 plur.
1056 2827 1121 2862 sal.
1144 2827 1214 2861 dic.
1237 2828 1312 2862 ind.
1329 2827 1424 2869 Mll,
1446 2838 1473 2861 s.
1493 2838 1528 2871 p.
1551 2826 1584 2861 d.
1605 2826 1654 2869 D,
1676 2825 1742 2860 sal.
1764 2825 1834 2861 dic.
1856 2826 1907 2870 H,

209 2873 369 2909 salutem
384 2874 424 2908 F
439 2877 451 2918 ΙΙ
473 2877 527 2910 19.
548 2878 603 2908 20.
627 2874 758 2918 ‘huius‘
771 2873 902 2919 culpae
917 2885 990 2908 non
1003 2873 1158 2918 effugies
1177 2875 1326 2919 penam'
1350 2875 1427 2908 cod.
1445 2874 1576 2908 Ouscm.
1597 2874 1655 2917 (cf.
1671 2875 1719 2907 acl
1733 2872 1810 2917 XV,
1826 2876 1858 2918 6,
1874 2876 1909 2917 1)

203 2933 241 2965 p.
263 2925 328 2955 111
357 2926 387 2956 cc
415 2925 481 2956 118
508 2923 560 2957 ed.
589 2921 651 2957 Kl.
690 2924 701 2966 Η
738 2925 793 2956 20.
826 2932 985 2966 poenam
1020 2921 1153 2965 ΕΗΒ,
1192 2931 1330 2965 ponam
1355 2921 1404 2955 M
1430 2922 1440 2965 ΙΙ
1471 2931 1641 2965 poenam.
1676 2920 1720 2954 de
1752 2921 1910 2964 patrono

207 2968 355 3003 Marcus
381 2969 448 3004 alii
467 2970 478 3013 ΙΙ
499 2972 552 3004 21.
581 2968 907 3015 lugubrationibus
933 2968 1028 3013 MF,
1055 2970 1114 3003 sed
1141 2970 1181 3002 in
1206 2968 1255 3002 M
1275 2979 1324 3013 gu
1350 2969 1391 3002 in
1415 2979 1487 3002 ras.
1514 2979 1558 3003 ex
1583 2979 1672 3002 corr.
1693 2968 1705 3012 ΙΙ
1725 2978 1909 3002 commen-

207 3017 289 3050 tata
313 3016 374 3059 M,
413 3017 674 3051 commendata
700 3016 820 3050 FHD
857 3017 868 3060 ΙΙ
906 3019 960 3050 23.
987 3014 1144 3061 lagonas
1177 3015 1240 3059 M,
1279 3014 1458 3060 lagoenas
1491 3014 1585 3058 HD,
1624 3013 1803 3060 laogenas
1838 3015 1878 3050 F
1910 3016 1911 3046 1

207 3065 264 3098 25.
291 3063 391 3108 (111οᾶ
420 3066 466 3108 Ψ,
494 3063 585 3109 (1111(1
613 3065 652 3099 F
669 3066 681 3109 ΙΙ
700 3067 755 3098 26.
784 3062 875 3097 mihi
902 3074 923 3100 ς
