2242 3496
705 142 1043 178 EPISTVLARVM
1071 144 1111 179 X.
1140 148 1170 179 4.
1198 148 1229 179 5.
1257 148 1288 179 ϋ.
1766 146 1850 187 245

150 251 192 293 id
237 250 319 291 erit
363 253 503 292 totum
547 253 590 291 et
636 251 857 306 proprium
904 254 1035 294 tuum.
1108 253 1402 295 incredibilest
1452 253 1643 295 omnium
1695 254 1850 296 civium

151 321 394 363 latronibus
435 322 624 375 exceptis
664 322 808 363 odium
848 322 891 363 in
933 324 1186 377 Antonium,
1233 338 1388 379 magna
1427 339 1524 379 spes
1563 324 1606 365 in
1645 327 1686 365 te
1725 327 1767 366 et
1808 325 1850 366 in

150 395 225 434 tuo
258 392 460 445 exercitu,
495 407 649 448 magua
676 394 954 448 exspectatio,
987 395 1120 449 cuius,
1153 410 1227 450 per
1254 396 1374 437 deos!
1408 395 1573 449 gratiae
1600 395 1848 451 gloriaeque

150 477 251 504 cave
284 466 454 517 tempus
489 463 677 504 amittas.
740 464 801 506 sic
836 480 987 506 moneo
1021 469 1068 506 ut
1102 466 1258 521 filium,
1296 466 1357 508 sic
1389 466 1511 508 faveo
1546 468 1593 508 ut
1625 465 1749 521 mihi,
1788 465 1850 508 sic

114 532 301 575 shortor
333 535 381 574 ut
414 537 457 575 et
488 549 566 588 pro
599 534 742 588 patria
774 539 817 576 et
850 535 1170 578 amicissimum.

871 676 942 718 VI.
989 676 1125 733 (372.)

755 769 965 813 CICERO
998 770 1246 814 PLANCO.

267 864 383 913 Quae
423 865 592 906 locutus
626 867 691 905 est
724 864 908 906 Furnius
952 868 1100 906 noster
1132 867 1182 906 de
1215 866 1358 907 animo
1399 870 1472 908 tuo
1507 868 1549 908 in
1584 883 1671 909 rem
1705 884 1761 923 p.‚
1800 883 1850 910 ea
1878 878 1891 908 1

147 935 398 992 gratissima
437 936 610 977 fuerunt
655 936 843 991 senatui,
886 951 923 990 p.
963 936 1013 977 R.
1052 937 1376 991 probatissima3
1421 952 1528 991 quae
1568 941 1709 979 autem
1749 942 1846 980 tuae

96 1022 128 1045 10
147 1007 353 1049 recitatae
386 1009 487 1048 sunt
519 1006 690 1047 litterae
724 1007 767 1047 in
799 1010 964 1061 senatu,
995 1021 1266 1063 nequaquam
1299 1009 1539 1049 consentire
1573 1024 1668 1051 cum
1700 1009 1847 1051 Furnii

150 1077 343 1120 oratione
375 1077 492 1119 visae
525 1079 644 1131 sunt3
681 1077 798 1132 pacis
832 1078 946 1119 enim
979 1082 1129 1119 auctor
1161 1093 1272 1133 eras,
1306 1093 1401 1120 cum
1435 1080 1601 1135 collega
1633 1084 1750 1135 tuus,
1782 1080 1847 1122 vir

148 1148 429 1202 clarissimus,
468 1163 492 1189 a
529 1148 790 1190 foedissimis
832 1149 1074 1190 latronibus
1117 1149 1405 1204 opsideretur,
1443 1152 1515 1204 qui
1555 1154 1629 1192 aut
1668 1151 1846 1205 positeis

146 1219 278 1261 armis
328 1234 478 1274 pacem
528 1221 673 1274 petere
724 1219 901 1274 debent,
953 1223 1050 1273 aut,
1102 1220 1136 1261 si
1189 1223 1429 1276 pugnantes
1475 1235 1566 1262 eam
1612 1222 1847 1277 postulant,

146 1289 328 1333 victoria
366 1305 469 1344 an,
512 1304 597 1331 non
641 1291 839 1345 pactione
880 1291 1138 1345 pariendast.
1203 1291 1297 1346 sed,
1341 1291 1390 1332 de
1433 1307 1534 1345 pace
1572 1292 1741 1334 litterae
1782 1292 1846 1334 vel

92 1376 124 1401 15
145 1361 297 1416 Lepidi
336 1360 403 1402 vel
442 1363 540 1402 tuae
587 1376 713 1415 quam
755 1361 796 1402 in
837 1364 1004 1416 partem
1048 1364 1247 1416 acceptae
1285 1361 1394 1416 sint,
1438 1378 1487 1403 ex
1534 1363 1623 1404 viro
1669 1363 1847 1418 optimo,

143 1432 278 1474 fratre
310 1434 405 1487 tuo,
437 1435 481 1474 et
513 1446 564 1473 ex
597 1430 641 1474 C.
669 1431 829 1474 Furnio
863 1432 1027 1486 poteris
1061 1447 1333 1488 cognoscere.
1397 1448 1463 1474 me
1497 1436 1641 1475 autem
1673 1434 1846 1488 impulit
1872 1447 1891 1476 2

143 1503 207 1545 tui
241 1503 412 1556 caritas,
445 1505 504 1556 ut,
537 1517 798 1557 quamquam
830 1517 906 1545 nec
939 1503 1022 1544 tibi
1054 1503 1138 1558 ipsi
1166 1503 1394 1544 consilium
1421 1504 1588 1545 deesset
1623 1507 1665 1545 et
1696 1504 1844 1547 fratris

142 1573 377 1628 Furniique
404 1572 698 1615 benivolentia
723 1574 948 1627 fidelisque
974 1573 1204 1628 prudentia
1229 1573 1310 1615 tibi
1336 1577 1510 1628 praesto
1544 1578 1657 1617 esset
1690 1576 1846 1631 sutura,

142 1645 296 1687 vellem
340 1647 487 1686 tamen
525 1659 644 1686 meae
690 1659 858 1699 quoque
906 1643 1178 1687 auctoritatis
1217 1659 1295 1699 pro
1334 1645 1533 1699 plurimis
1577 1646 1739 1687 nostris
1777 1662 1846 1689 ne-

89 1731 124 1755 20
143 1716 478 1759 cessitudinibus
523 1717 799 1770 praeceptum
845 1715 896 1756 ad
941 1718 982 1756 te
1030 1715 1204 1770 aliquod
1242 1716 1475 1770 pervenire.
1544 1717 1666 1758 crede
1712 1717 1846 1772 igitur

143 1787 268 1843 mihi,
304 1786 480 1841 Plance,
519 1785 677 1840 omnis,
718 1801 825 1841 quos
864 1787 1003 1828 adhuc
1041 1786 1197 1842 gradus
1239 1786 1467 1841 dignitatis
1500 1790 1753 1829 consecutus
1786 1788 1844 1829 sis

144 1883 194 1888 —-
230 1873 275 1900 es
307 1860 453 1900 autem
486 1858 666 1912 adeptus
699 1857 990 1912 amplissimos
1026 1882 1098 1912 —,
1133 1872 1205 1899 eos
1239 1857 1453 1899 honorum
1486 1858 1696 1900 vocabula
1728 1859 1846 1900 habi-

142 1932 282 1983 turos,
318 1943 406 1971 non
443 1928 671 1984 dignitatis
710 1928 916 1984 insignia,
955 1929 1038 1970 nisi
1077 1931 1120 1970 te
1160 1944 1257 1970 cum
1296 1929 1499 1970 libertate
1538 1929 1688 1984 populi
1722 1930 1770 1971 R.
1803 1934 1846 1971 et

141 2015 240 2043 cum
271 2002 445 2042 senatus
478 2000 737 2042 auctoritate
772 1999 1057 2042 coniunxeris.
1113 2000 1290 2056 seiunge
1323 2002 1377 2055 te,
1411 2014 1583 2054 quaeso,
1614 2000 1844 2055 aliquando

88 2085 121 2110 25
141 2071 195 2114 ab
233 2071 312 2126 eis,
351 2086 448 2113 cum
487 2071 642 2126 quibus
682 2073 725 2112 te
764 2085 852 2113 non
890 2073 1013 2112 tuum
1045 2069 1268 2125 iudicium,
1311 2071 1382 2112 sed
1422 2073 1666 2125 temporum
1707 2072 1845 2113 vincla

141 2141 464 2186 coniunxerunt.
537 2143 778 2197 complures
830 2141 875 2182 in
924 2141 1251 2196 perturbatione
1295 2142 1356 2182 rei
1402 2157 1439 2196 p.
1485 2141 1681 2183 consules
1726 2142 1843 2198 dicti,
1871 2156 1889 2185 :3

142 2229 325 2269 quorum
362 2228 488 2256 nemo
528 2213 768 2256 consularis
805 2212 982 2254 habitus
1020 2212 1104 2253 nisi
1146 2212 1220 2266 qui
1252 2212 1395 2254 animo
1428 2212 1574 2254 extitit
1606 2213 1650 2254 in
1683 2228 1773 2254 rem
1804 2229 1843 2268 p.

260 2345 290 2377 1.
317 2341 522 2387 proprium]
549 2341 698 2387 proprie
724 2341 928 2376 Lambinus
952 2341 963 2384 ΙΙ
992 2339 1211 2375 incredibile
1238 2341 1296 2374 est
1320 2339 1402 2375 HD
1432 2341 1444 2385 ΙΙ
1476 2343 1507 2375 3.
1535 2339 1677 2384 gloriae
1703 2351 1774 2384 que
1799 2352 1843 2376 ex

141 2389 284 2435 gloriae
309 2400 404 2434 quae
429 2390 590 2424 radendo
617 2389 667 2423 M
685 2390 697 2433 ΙΙ
726 2392 757 2423 4.
785 2387 910 2434 faveo]
938 2387 1076 2422 suadeo
1103 2388 1147 2422 L.
1169 2387 1307 2423 Mu'ller
1331 2388 1432 2432 (auu.
1454 2388 1546 2432 phil.
1575 2390 1665 2422 1866
1687 2399 1725 2433 p.
1746 2390 1841 2432 397).

141 2438 312 2482 equidem,
338 2438 370 2471 si
395 2437 484 2482 quid
509 2440 719 2481 corruptum
743 2437 791 2471 sit
817 2456 862 2460 —
887 2436 1046 2478 conferri
1068 2439 1221 2479 possunt
1245 2447 1277 2470 v.
1298 2446 1324 2470 c.
1352 2434 1395 2478 X,
1417 2439 1449 2478 3,
1470 2438 1513 2469 2:
1544 2433 1617 2468 ‘his
1644 2435 1689 2469 de
1715 2435 1838 2470 causis

141 2483 364 2518 mirabiliter
396 2484 504 2518 faveo
538 2482 717 2528 dignitati
748 2484 853 2526 tuae,
886 2493 999 2527 quam
1031 2482 1123 2516 mihi
1155 2483 1277 2516 tecum
1310 2483 1434 2516 statuo
1467 2481 1600 2516 debere
1634 2492 1713 2516 esse
1746 2493 1841 2517 com-

141 2532 303 2566 munem*
337 2552 389 2575 —‚
416 2530 507 2565 mihi
529 2532 653 2575 potius
678 2534 808 2565 mutem
833 2530 921 2574 (nou
946 2534 1066 2564 tamen
1086 2530 1207 2574 placet
1235 2531 1318 2573 iam,
1348 2530 1442 2574 quod
1468 2529 1667 2574 aliquando
1693 2531 1841 2572 conieci,

142 2578 298 2613 minori:
332 2579 380 2613 cul
406 2578 483 2612 Ate.
511 2578 536 2621 Ι,
564 2581 595 2621 5,
618 2581 660 2612 2:
697 2578 781 2611 ‘eas
813 2576 960 2611 litteras
993 2577 1041 2611 ad
1074 2587 1157 2610 eum
1191 2575 1293 2620 misi,
1332 2575 1467 2620 quibus
1499 2577 1537 2610 et
1574 2576 1763 2620 placarem
1801 2578 1842 2611 ut

141 2625 293 2661 fratrem
321 2627 359 2660 et
383 2635 571 2660 monerem
597 2626 639 2659 ut
663 2623 843 2659 minorem
869 2625 907 2658 et
932 2623 1167 2670 obiurgarem
1193 2625 1235 2658 ut
1260 2624 1477 2668 errantem’)
1495 2624 1507 2667 ΙΙ
1527 2627 1558 2658 9.
1585 2636 1618 2668 p.
1641 2624 1699 2670 a]
1726 2634 1841 2668 popu-

141 2673 252 2718 loque
277 2673 444 2708 Romano
471 2673 539 2707 aliz·
557 2673 569 2716 11
590 2673 675 2706 tuae
703 2671 794 2715 HD,
819 2683 884 2706 om.
907 2672 955 2705 M
969 2672 981 2715 11
1003 2675 1054 2706 10.
1083 2672 1169 2705 sunt
1193 2670 1342 2705 litterae
1370 2671 1461 2714 HD,
1488 2669 1636 2705 litterae
1663 2672 1750 2705 sunt
1769 2671 1818 2705 M
1832 2672 1834 2706 t

144 2724 198 2755 12.
225 2720 304 2755 obs.
331 2731 375 2755 esc
401 2719 564 2765 ops,M¹
585 2720 597 2763 11
619 2722 670 2753 12.
694 2722 748 2753 13.
777 2720 842 2752 aut
866 2717 1021 2763 positeis
1049 2718 1176 2762 armis}
1206 2719 1272 2752 aut
1297 2717 1416 2762 possit
1441 2717 1494 2752 eis
1522 2717 1634 2751 armis
1662 2719 1716 2761 M,
1742 2717 1843 2752 haud

142 2767 288 2813 possint
319 2767 431 2802 armis
462 2767 514 2810 ll,
548 2765 647 2800 haud
680 2767 836 2810 possunt
868 2764 979 2800 armis
1006 2765 1044 2799 D
1074 2767 1085 2809 ΙΙ
1119 2769 1172 2800 14.
1200 2763 1380 2809 parienda
1413 2765 1469 2799 est
1495 2764 1575 2799 HD
1605 2766 1617 2809 ΙΙ
1650 2768 1702 2799 16.
1730 2765 1844 2800 fratre

142 2816 207 2849 tuo
238 2816 280 2850 iu
311 2826 383 2850 ras.
417 2813 476 2849 llll
514 2815 526 2858 11
563 2817 617 2848 21.
652 2812 850 2858 dignitatis
882 2812 1020 2857 gradus
1053 2812 1097 2846 H
1129 2814 1140 2858 ΙΙ
1178 2816 1232 2847 22.
1269 2822 1307 2846 es
1329 2832 1371 2837 —
1394 2810 1642 2856 amplissimos
1675 2825 1740 2847 om.
1780 2813 1815 2846 II
1833 2814 1835 2831 '¹

143 2865 199 2897 23.
232 2863 269 2896 te
302 2873 385 2897 cum
422 2861 596 2896 libertate
628 2872 672 2895 ex
703 2862 823 2895 tecum
862 2859 1038 2894 libertate
1071 2859 1144 2903 H¹‚
1183 2860 1220 2893 te
1259 2870 1342 2894 cum
1381 2858 1595 2893 libertatem
1627 2859 1681 2903 D,
1721 2860 1843 2894 tecum

142 2909 358 2945 libertatem
384 2910 432 2944 M
453 2910 465 2953 u
493 2912 547 2943 25.
576 2907 645 2954 eis]
672 2907 730 2942 his
761 2909 805 2951 Ψ,
832 2906 879 2941 iis
906 2918 925 2944 ς
951 2908 963 2951 ss
987 2906 1139 2941 uincula
1165 2907 1246 2941 HD
1270 2908 1281 2951 11
1307 2910 1361 2940 26.
1389 2905 1669 2950 perturbatione
1694 2918 1738 2942 eae
1763 2918 1843 2951 per-

142 2956 295 2992 batione
334 2957 400 2991 Mc
442 2959 453 3000 Η
497 2954 681 3001 consules]
722 2953 934 2989 consulares
974 2954 1097 2999 Kleyu
1135 2955 1187 2999 (p.
1219 2955 1255 2998 9)
1293 2954 1369 2989 coll.
1411 2953 1482 2989 Cic.
1522 2954 1688 2999 Philipp.
1717 2953 1783 2988 VlI
1810 2958 1841 2997 5,

144 3004 340 3048 speciosius
365 3015 473 3049 quam
496 3004 639 3038 verius:
672 3003 720 3037 ad
745 3003 822 3036 alia
847 3002 941 3037 euim
973 3006 1132 3045 tempora
1162 3002 1237 3045 hic,
1269 3002 1318 3036 ad
1349 3001 1428 3035 alia
1459 3001 1520 3035 ille
1551 3001 1648 3036 locus
1679 3006 1814 3046 spectat

145 3053 201 3085 27.
229 3051 286 3085 est
305 3055 389 3095 post
414 3061 522 3086 nemo
548 3051 632 3085 adel.
661 3050 791 3093 Klotz,
812 3053 894 3093 post
919 3047 1070 3083 habitus
1096 3049 1247 3092 Bauer,-
1278 3047 1436 3083 habetur
1461 3049 1720 3084 commemlavit
1748 3049 1841 3084 Gul-

147 3097 256 3133 bauer
282 3098 450 3142 (Wiener
475 3097 628 3134 Studien
654 3097 667 3131 Ι
688 3108 727 3142 p.
749 3099 819 3141 80),
846 3097 987 3132 iniuria
1010 3100 1099 3140 puto
1125 3107 1243 3132 omues
