2242 3496
773 206 1110 244 EPISTVLARVM
1140 211 1161 245 1.
1191 216 1221 247 9.
1789 216 1844 254 07)

1789 245 1826 255 au«

148 327 214 354 me
247 312 298 354 de
331 328 374 354 re
407 314 580 368 publica
619 315 776 356 sentire
816 331 862 357 ac
902 317 1059 372 dicere,
1099 333 1204 373 quae
1238 320 1420 361 maxime
1460 336 1555 362 cum
1592 322 1713 371 mihi,
1753 326 1841 364 tum

147 383 279 424 ctiam
312 384 372 424 rei
399 384 595 438 publicae
634 386 873 428 rationibus
901 393 1045 442 putem
1074 391 1319 444 conducero,
1353 391 1543 445 apertius
1571 396 1712 433 autem
1742 394 1843 434 hau-‹-

148 467 231 509 ago
263 469 310 495 ac
344 456 526 509 saepius,
560 456 672 510 quod
706 459 747 496 et
782 456 985 511 Quintus,
1020 460 1150 500 frater
1184 475 1318 515 meus,
1352 461 1520 516 legatus
1553 465 1618 502 ost
1651 464 1843 505 Caesaris

148 527 192 567 et
222 525 389 567 nullum
422 540 563 567 meum
597 526 822 569 minimum
855 528 1037 582 dictum,
1071 545 1154 571 non
1190 532 1314 572 inodo
1348 533 1522 584 factum,
1554 548 1630 587 pro
1664 533 1843 575 Caesar(-

111 609 128 635 5
148 596 416 651 intercessit,
448 597 561 651 quod
594 597 666 638 ille
699 612 785 638 non
819 598 879 639 ita
913 599 1083 641 inlustri
1118 602 1258 655 gratia
1292 603 1522 657 exceperit,
1556 607 1603 645 ut
1635 618 1714 659 ego
1749 620 1843 646 euin

147 667 253 709 mihi
286 667 531 710 devinctum
564 671 780 722 putarem:
823 669 966 723 itaque
1000 670 1089 711 eius
1124 673 1238 712 omni
1272 677 1314 713 et
1347 674 1505 728 gratia,
1538 690 1644 728 quae
1678 690 1845 717 summa

147 741 232 792 est,
270 741 314 780 et
352 738 526 793 opibus,
570 752 676 792 quas
718 739 934 795 intellegis
975 757 1065 783 esse
1105 743 1331 797 maximas,
1370 745 1429 786 sic
1468 746 1603 799 fruor,
1642 749 1689 787 ut
1727 747 1845 800 meis,

147 823 224 851 nec
256 809 362 851 mihi
396 809 523 851 aliter
548 811 743 863 potuisse
770 811 916 853 videor
941 812 1165 855 hominum
1191 815 1455 868 perditorum
1490 817 1539 857 dc·
1575 832 1639 858 me
1667 817 1845 858 consilia

147 879 364 935 frangere,
402 880 485 922 nisi
519 895 615 922 cum
647 881 874 936 praesidiis
906 883 985 936 eis,
1027 898 1133 937 quae
1173 900 1340 939 semper
1378 886 1526 940 habui,
1565 903 1675 928 nunc
1714 887 1844 928 etiam

96 964 130 989 ιο
146 951 392 1005 potentium
419 951 756 993 benivolentiam
783 953 1110 995 coniunxissem.
1160 955 1227 996 his
1255 970 1333 1010 ego
1361 957 1564 1010 consiliis,
1597 958 1631 998 si
1660 961 1700 998 te
1727 973 1844 1012 prae-

148 1023 312 1063 sentem
345 1020 607 1077 habuissem,
639 1026 688 1064 ut
721 1023 866 1077 opinio
900 1038 994 1065 mea
1025 1024 1127 1078 fert,
1160 1039 1297 1067 essem
1330 1041 1431 1068 usus
1464 1028 1623 1069 eisdem
1659 1052 1706 1057 —
1745 1029 1843 1070 novi

147 1092 261 1134 enim
300 1093 633 1148 temperantiam
672 1097 714 1135 et
754 1094 1093 1136 moderationem
1134 1099 1312 1138 naturae
1357 1100 1474 1152 tuae,
1517 1099 1616 1139 novi
1655 1099 1844 1140 animum

148 1178 246 1206 cum
277 1163 385 1205 mihi
418 1163 740 1218 amicissimum,
773 1168 867 1206 tum
892 1165 1014 1206 nulla
1039 1165 1083 1206 in
1110 1169 1273 1208 ceteros
1301 1168 1599 1210 malevolentia
1626 1170 1845 1222 suffusum,

149 1237 381 1289 contraque
420 1249 516 1276 cum
549 1249 755 1291 magnum
795 1238 837 1276 et
875 1236 1107 1291 excelsum,
1146 1239 1238 1278 tum
1277 1238 1405 1279 etiam
1445 1243 1641 1293 apertum
1674 1243 1715 1280 et
1748 1240 1845 1281 sim-

96 1317 129 1344 15
147 1305 322 1361 plicem3
354 1305 442 1347 vidi
473 1319 554 1361 ego
585 1307 794 1361 quosdam
820 1306 865 1348 in
892 1310 933 1348 te
961 1307 1073 1361 talis,
1107 1308 1244 1361 qualis
1271 1312 1317 1349 tu
1344 1310 1513 1350 eosdem
1540 1310 1584 1350 in
1611 1324 1676 1351 me
1704 1310 1843 1352 videre

147 1376 349 1432 potuisti:
388 1391 497 1432 quae
529 1391 596 1418 me
629 1380 873 1431 moverunt,
907 1378 1143 1419 movissent
1175 1379 1321 1420 eadem
1354 1383 1395 1420 te
1429 1380 1620 1433 profecto
1662 1397 1726 1433 --ς
1760 1381 1844 1434 sed,

149 1461 420 1502 quocumque
463 1450 658 1502 tempore
700 1447 807 1490 mihi
850 1451 1046 1502 potestas
1091 1450 1329 1503 praesentis
1370 1450 1433 1491 tui
1478 1450 1626 1503 fuerit,
1670 1453 1716 1491 tu
1761 1451 1844 1492 eris

150 1518 343 1560 omnium
374 1518 620 1560 moderator
652 1517 932 1560 consiliorum
965 1534 1176 1573 meorum,
1216 1520 1296 1560 tibi
1329 1520 1411 1561 erit
1444 1520 1596 1569 eidem,
1629 1521 1695 1562 cui
1729 1522 1844 1563 salus

151 1603 246 1630 mea
277 1588 370 1643 fuit,
402 1589 534 1631 etiam
566 1589 756 1645 dignitas
790 1604 930 1631 curae:
965 1604 1032 1631 me
1065 1590 1236 1644 quidem
1268 1593 1381 1631 certe
1416 1593 1585 1631 tuarum
1617 1592 1845 1645 actionum,

95 1673 130 1698 20
150 1659 483 1714 sententiarum,
527 1660 823 1714 voluntatum,
867 1675 1010 1702 rerum
1055 1660 1236 1715 denique
1279 1661 1468 1702 omnium
1513 1662 1674 1703 socium
1719 1663 1845 1704 comi-

148 1734 321 1786 temque
358 1732 558 1787 habebis,
599 1746 736 1787 neque
775 1732 882 1773 mihi
919 1732 964 1773 in
1003 1732 1119 1773 omni
1160 1731 1246 1773 vita
1279 1747 1346 1773 res
1383 1734 1472 1773 tam
1511 1733 1592 1773 erit
1630 1733 1717 1774 ulla
1748 1748 1846 1786 pro-

147 1802 313 1858 posita,
358 1818 487 1858 quam
527 1806 576 1845 ut
617 1803 772 1845 cotidie
815 1802 1110 1844 vehementius
1154 1805 1196 1844 te
1241 1803 1290 1844 de
1335 1818 1401 1844 me
1447 1802 1607 1857 optime
1647 1803 1845 1844 meritum

149 1887 242 1916 esse
273 1873 444 1917 laetere.

268 1957 382 2011 quod
412 1970 561 2012 rogas,
600 1959 649 1998 ut
680 1971 776 1998 mea
806 1957 888 1998 tibi
922 1957 1083 2011 scripta
1115 1956 1304 2010 mittam,
1343 1971 1450 2010 quae
1482 1959 1583 2010 post
1614 1956 1847 1997 discessum

98 2039 132 2066 25
152 2030 276 2070 tuum
317 2028 580 2083 scripserim,
624 2031 725 2070 sunt
770 2027 987 2069 orationes
1032 2028 1258 2081 quaedam,
1304 2042 1408 2081 quas
1448 2026 1687 2068 Menocrito
1725 2027 1846 2077 dabo,

149 2113 289 2154 neque
321 2099 384 2140 ita
415 2099 590 2154 multae,
621 2114 675 2140 ne
705 2098 998 2153 pertimescas.
1049 2098 1202 2152 scripsi
1229 2098 1360 2139 etiam
1389 2122 1437 2127 -—
1467 2099 1566 2138 nam
1599 2097 1767 2151 †etian1
1794 2097 1846 2138 ab

151 2170 424 2212 orationibus
457 2170 634 2226 diiungo
661 2170 750 2212 fere
777 2170 1000 2224 referoque
1034 2170 1086 2210 ad
1119 2169 1429 2210 mansuetiores
1456 2168 1615 2221 Musas,
1648 2183 1754 2222 quae
1779 2182 1847 2208 me

151 2241 336 2283 maxime
369 2241 482 2284 sicut
512 2241 599 2283 iam
633 2257 657 2283 a
687 2241 828 2296 prima
860 2239 1149 2282 adulescentia
1174 2240 1513 2281 delectarunt-
1537 2238 1689 2292 scripsi
1716 2238 1848 2293 igitur

273 2421 301 2452 1.
328 2416 421 2451 mihi
446 2418 542 2463 tum]
575 2418 741 2452 mmtum
762 2418 810 2451 M
838 2416 903 2460 (mi
947 2417 1042 2458 tum,
1071 2419 1088 2449 1
1111 2416 1180 2449 litt.
1200 2426 1259 2457 er„
1281 2414 1353 2453 1¹¹.
1393 2412 1485 2446 mihi
1517 2414 1594 2446 tum
1615 2412 1670 2446 1²²
1703 2413 1741 2445 1'n
1766 2423 1847 2452 ma„

151 2464 203 2498 mi
228 2464 387 2499 multum
407 2465 498 2509 Mr),
525 2463 679 2499 inistum
699 2465 745 2499 R.
774 2463 865 2498 meis
890 2465 970 2498 tum
996 2464 1064 2497 alii
1083 2464 1093 2506 ΙΙ
1113 2466 1144 2496 3.
1173 2460 1345 2506 Quintus]
1374 2472 1422 2504 qu
1448 2472 1491 2495 ac
1507 2471 1586 2512 ‘qne
1614 2459 1771 2493 radendo
1792 2459 1845 2500 M,

151 2541 217 2565 om.
244 2530 280 2565 R
299 2531 311 2575 ΙΙ
330 2533 362 2565 5.
389 2540 474 2565 eum
499 2541 565 2565 om.
586 2530 621 2564 R
641 2531 652 2574 Η
673 2533 703 2564 6,
732 2528 924 2563 deuintum
945 2528 1017 2571 M¹‚
1043 2539 1132 2562 corr.
1156 2526 1219 2559 Μο
1238 2527 1249 2569 ΙΙ
1270 2528 1300 2559 9.
1328 2524 1398 2558 nisi
1420 2525 1473 2566 Μ,
1500 2515 1522 2556 1’1
1548 2550 1558 2566 ‚
1586 2527 1601 2556 1
1627 2524 1772 2576 litu-er„
1799 2523 1844 2556 R.

151 2577 279 2622 qualia
303 2588 348 2612 ex
373 2577 478 2613 libris
508 2577 765 2612 recentioribus
797 2577 955 2620 amplius
979 2586 1053 2610 non
1078 2574 1367 2613 adnotabzmcm·,
1399 2572 1459 2605 sed
1484 2572 1532 2604 ad
1560 2570 1602 2603 M
1628 2574 1732 2604 ται-ηε
1765 2581 1845 2604 cmc-

150 2625 408 2668 formabuntur
426 2626 437 2669 ΙΙ
457 2623 526 2670 eis]
547 2623 606 2658 his
621 2624 713 2667 MR,
740 2622 786 2656 iis
802 2634 821 2659 ς
842 2625 852 2666 ΙΙ
874 2627 927 2657 10.
943 2620 1197 2656 beniuolentia
1211 2620 1246 2654 R
1266 2621 1276 2662 ΙΙ
1301 2623 1351 2653 11.
1367 2630 1484 2652 essem
1504 2628 1590 2651 usus
1606 2617 1651 2658 11',
1671 2627 1750 2649 esse
1767 2627 1846 2649 mus

152 2682 214 2706 sus
240 2671 288 2706 M
308 2673 320 2715 ΙΙ
344 2671 512 2706 ehisdem
538 2672 598 2714 M,
625 2670 743 2704 isdem
770 2670 806 2704 R
830 2671 841 2713 ΙΙ
876 2673 928 2704 13,
956 2668 1060 2703 nulla
1086 2680 1128 2702 eat
1155 2666 1231 2700 ulla
1258 2665 1308 2700 13¹
1335 2667 1346 2708 ΙΙ
1382 2669 1432 2699 14.
1460 2666 1537 2698 tum
1564 2675 1602 2706 ς,
1629 2665 1714 2696 tunc
1744 2663 1822 2697 MR

155 2721 208 2753 15.
235 2717 346 2754 uideo
372 2719 408 2754 R
427 2720 439 2763 ΙΙ
468 2723 520 2753 17.
547 2717 698 2758 tu'!eris‚
726 2721 741 2750 1
771 2717 838 2751 litt.
865 2728 926 2759 er„
952 2716 999 2750 M
1020 2717 1073 2759 (tu
1102 2724 1208 2748 uerus
1235 2712 1298 2756 1²¹)
1318 2714 1328 2756 ΙΙ
1359 2715 1409 2746 19,
1437 2714 1533 2746 certo
1559 2723 1602 2745 car:
1628 2711 1748 2743 certae
1776 2709 1846 2749 Μ’,

152 2766 252 2800 certo
272 2766 309 2801 R
327 2767 339 2810 ΙΙ
359 2770 414 2802 20.
436 2770 491 2801 21.
513 2764 775 2809 comitemque]
802 2765 846 2806 cf.
868 2764 996 2797 Plaut.
1022 2762 1149 2796 Pseud.
1174 2763 1213 2793 17
1237 2760 1279 2793 G.
1301 2761 1312 2803 11
1332 2762 1386 2793 21.
1414 2758 1504 2792 mihi
1525 2771 1589 2792 om.
1613 2758 1646 2791 11‘
1665 2759 1676 2799 Η
1690 2758 1772 2809 'tam
1794 2756 1846 2790 M.

152 2813 278 2847 tamen
297 2813 334 2848 R
353 2814 365 2858 ΙΙ
384 2816 440 2848 22.
461 2811 627 2857 quotidie
649 2812 690 2845 M
711 2812 722 2854 ΙΙ
742 2815 796 2844 23.
821 2815 902 2854 post
927 2809 1063 2844 lactere
1089 2809 1247 2850 spatium
1273 2807 1313 2840 ¹in
1335 2806 1412 2840 MR
1438 2806 1599 2840 relictum
1625 2808 1655 2836 et
1683 2815 1719 2836 m
1742 2802 1846 2843 Quod

153 2858 183 2901 Q
203 2860 272 2895 litt.
292 2861 481 2895 rubricata
501 2862 512 2904 ΙΙ
532 2862 587 2894 ⁶35.
608 2856 829 2903 Menocrito]
856 2858 900 2899 ef.
919 2858 953 2891 C.
969 2857 999 2890 J.
1017 2857 1061 2890 A.
1084 2855 1129 2888 ΙΙΙ
1156 2857 1261 2888 1624:
1289 2852 1524 2904 andafpttog
1543 2854 1553 2894 11
1573 2854 1627 2902 9⁶:
1651 2849 1768 2901 inulte
1789 2849 1823 2883 R

152 2906 398 2951 pertimascas
432 2908 512 2951 (sie)
538 2907 598 2949 M,
634 2903 875 2949 pertimescas
909 2914 952 2937 ea
979 2903 1013 2936 R
1045 2904 1056 2946 Η
1087 2900 1271 2945 quaedam
1303 2900 1526 2933 carnnnaml
1558 2908 1686 2949 scripsi
1720 2898 1848 2949 etiarn)

153 2954 237 2989 add.
257 2966 302 2989 m.
322 2965 410 2989 saec.
426 2954 492 2988 XV
513 2955 552 2988 in
568 2953 614 2987 M
629 2955 640 2996 Η
660 2956 714 2986 27.
731 2949 883 2995 diiungo
898 2950 990 2992 MR,
1017 2947 1189 2993 disiungo
1209 2957 1266 2981 me
1283 2947 1355 2981 ΜΓ.
1383 2957 1466 2980 nani
1488 2955 1544 2978 mc
1566 2955 1639 2977 iam
1659 2943 1706 2977 ab
1725 2943 1836 2978 Orelh

153 3010 239 3035 nam
266 3000 314 3035 ab
340 3011 390 3036 or.
425 3000 578 3045 diiungo
605 3010 662 3034 me
688 2998 763 3032 fere
791 2998 978 3032 Graevius.
1017 2997 1106 3030 mihi
1131 2997 1169 3029 *in
1197 2993 1309 3028 etiam
1340 2993 1601 3028 substantivum
1635 2991 1742 3024 latere
1768 3002 1844 3024 cnm

722 3045 777 3061 Α

153 3066 267 3100 visum
295 3070 394 3108 esset,
418 3065 594 3109 animum,
622 3066 645 3099 ι’,
666 3076 692 3099 e.
720 3063 830 3105 aium,
856 3062 1028 3106 suffles-sit
1048 3060 1220 3102 Schmalz,
1244 3070 1321 3093 vere
1344 3061 1442 3101 puto.
1470 3057 1514 3099 cf.
1536 3067 1621 3089 ann.
1645 3055 1734 3106 phil.
1758 3057 1840 3086 1891

149 3123 189 3156 p.
210 3115 254 3146 68
273 3114 285 3156 ΙΙ
304 3112 496 3156 referoque
522 3122 580 3146 me
607 3112 654 3145 ad
682 3111 717 3145 R
744 3113 754 3153 Η
781 3106 1041 3143 mansuetioris
1068 3107 1115 3140 M
1138 3108 1207 3140 (-es
1229 3106 1305 3148 Mr)
1331 3106 1342 3147 ΙΙ
1368 3108 1421 3138 ῐὶ7.
1445 3107 1498 3138 28.
1526 3113 1583 3137 me
1610 3111 1768 3135 maxnnc
1793 3101 1843 3144 M,

155 3158 315 3194 maxime
340 3160 388 3204 R,
413 3170 473 3194 me
500 3159 653 3207 <nunc>
681 3156 838 3192 maxime
871 3155 1077 3201 ll'esenbery
