2242 3496
625 192 962 228 EPISTVLARVM
988 193 1081 229 Xlll.
1113 198 1163 228 12'1.
1197 198 1246 228 10.
1278 197 1329 228 17.
1744 195 1824 235 351

128 300 170 342 111
205 301 496 342 Alexandrino
530 301 661 354 bello,
705 305 913 356 quantum
947 303 1090 344 studio
1123 306 1166 344 et
1198 302 1404 343 fidelitate
1437 302 1641 357 consequi
1675 303 1830 357 potuit,

127 387 214 413 11011
246 372 399 414 defuit:
433 373 545 426 quod
579 388 674 414 cum
709 377 902 427 speraret
935 378 975 414 te
1010 390 1179 428 quoque
1213 374 1275 415 ita
1307 373 1567 428 existimare,
1599 373 1642 414 in
1676 373 1828 427 Hispa·
1856 385 1875 413 :J

127 442 243 483 niam
276 443 327 484 ad
361 446 403 484 te
438 444 622 485 maxime
658 445 726 484 ille
761 445 931 498 quidem
967 460 1043 485 sno
1077 444 1269 497 consilio,
1303 445 1374 485 sed
1402 444 1531 486 ctiam
1560 459 1626 486 me
1654 448 1828 486 anctore

128 516 194 554 est
226 514 456 568 profectus.
522 516 590 556 0111
629 530 708 570 ego
748 515 1165 557 commendationem
1204 531 1289 556 non
1329 531 1422 556 sum
1462 515 1701 569 pollicitus,
1744 530 1829 556 11011

90 584 232 638 51111111
277 599 371 626 eam
418 586 646 627 valiturum
692 587 802 640 apud
850 589 891 627 te
943 587 1195 640 arbitrarer,
1245 586 1317 627 sed
1364 601 1501 641 neque
1553 601 1678 642 egere
1724 587 1827 627 milii

75 954 108 976 10

75 1306 107 1331 15

128 657 499 698 commendatione
535 657 776 711 videbatur,
809 658 881 711 qui
916 661 958 698 ct
992 658 1035 698 in
1067 657 1180 699 bello
1214 661 1355 699 tecum
1387 657 1541 699 fuisset
1580 661 1623 699 et
1655 661 1830 712 propter

127 727 379 768 memoriam
413 727 558 769 Crassi
591 728 641 768 de
675 728 760 768 tuis
794 742 903 768 unus
937 731 1068 780 esset,
1107 731 1167 779 et,
1207 728 1243 768 si
1282 729 1346 768 uti
1387 728 1830 770 commendationibus

128 797 269 852 vellet,
302 798 433 840 etiam
461 813 535 852 per
562 798 669 840 alios
697 813 794 839 eum
821 798 1020 839 videbam
1046 799 1088 839 id
1117 798 1321 852 consequi
1348 813 1494 852 posse:
1533 799 1830 840 testimonium

127 867 211 910 mei
244 869 294 910 de
328 883 377 910 eo
411 869 576 923 iudicii,
621 869 735 923 quod
774 872 817 910 et
849 868 939 923 ipse
973 869 1117 924 magni
1157 869 1416 910 aestimabat
1455 873 1498 910 et
1530 884 1610 925 ego
1644 870 1754 924 apud
1788 873 1829 910 te

127 938 268 980 valere
307 953 422 980 eram
463 942 683 993 expertus,
728 939 766 980 ei
806 939 1004 981 lubenter
1042 939 1148 981 dedi.
1212 940 1388 981 doctum
1433 940 1568 995 igitur
1611 941 1830 982 hominem

127 1009 310 1064 cognovi
343 1013 386 1051 et
418 1010 573 1051 studiis
607 1010 784 1064 optimis
817 1009 1020 1063 deditum,
1052 1009 1179 1064 idque
1206 1024 1231 1050 a
1256 1024 1406 1064 puero:
1438 1025 1538 1051 nam
1566 1011 1681 1052 domi
1709 1026 1826 1052 meae

127 1094 224 1121 cum
257 1079 447 1122 Diodoto
482 1079 648 1134 Stoico,
692 1080 866 1122 homine
900 1096 994 1122 meo
1035 1081 1192 1122 iudicio
1231 1081 1545 1135 eruditissimo,
1590 1083 1773 1123 multum
1806 1098 1830 1123 a

125 1164 259 1205 puero
291 1150 392 1205 fuit3
425 1166 538 1193 nunc
571 1154 727 1205 autem,
760 1152 959 1193 incensus
994 1151 1136 1193 studio
1171 1167 1313 1193 rerum
1346 1155 1530 1206 tuarum,
1567 1167 1637 1193 eas
1670 1153 1829 1194 litteris

128 1218 304 1263 Graecis
349 1221 551 1263 mandare
597 1222 808 1276 cupiebat.
876 1237 1003 1277 posse
1049 1223 1253 1264 arbitror:
1298 1223 1413 1264 valet
1457 1223 1656 1278 ingenio3
1699 1223 1831 1265 habet

127 1305 270 1347 usum3
302 1292 559 1348 iampridem
590 1293 635 1334 in
668 1308 716 1335 eo
750 1307 905 1348 genere
939 1294 1072 1335 studii
1104 1294 1433 1348 litterarumque
1467 1297 1680 1348 versatur,
1723 1294 1828 1336 satis

125 1362 265 1405 facere
298 1363 620 1406 immortalitati
655 1364 832 1406 laudum
871 1367 1043 1406 tuarum
1081 1365 1339 1407 mirabiliter
1378 1365 1507 1420 cupit.
1571 1365 1701 1407 habes
1742 1365 1829 1419 opi-

125 1434 267 1476 nionis
300 1450 419 1477 meae
452 1435 762 1490 testimonium,
795 1436 868 1477 sed
901 1439 949 1477 tu
980 1436 1062 1478 1100
1094 1436 1263 1478 facilius
1297 1436 1432 1478 multo
1465 1451 1542 1491 pro
1577 1439 1653 1478 tua
1685 1437 1828 1491 singu-

126 1505 207 1547 lari
250 1506 480 1561 prudentia
520 1506 742 1548 iudicabis.
809 1510 851 1548 et
890 1510 1053 1561 tamen,
1098 1508 1211 1562 quod
1254 1521 1530 1563 negaveram,
1575 1507 1826 1550 commendo

127 1577 209 1618 tibi
253 1592 373 1619 eum:
425 1577 632 1632 quidquid
676 1578 713 1619 ei
759 1577 1123 1632 commodaveris,
1167 1578 1249 1620 erit
1294 1579 1334 1619 id
1381 1578 1486 1619 mihi
1531 1578 1738 1620 maiorem
1783 1578 1827 1619 in

71 1662 86 1686 2
125 1648 299 1690 modum
332 1651 515 1703 gratum.

812 1755 951 1798 xvn.
1002 1755 1140 1813 (251.)

558 1860 770 1905 CICERO
805 1862 845 1905 s.
878 1863 928 1905 D.
963 1863 1085 1906 sna..
1119 1861 1402 1906 SVLPICIO.

243 1968 318 2011 M'.
346 1968 522 2024 Curius,
555 1970 629 2024 qui
661 1969 806 2012 Patris
838 1971 1107 2027 negotiatur,
1140 1971 1289 2012 multis
1323 1973 1366 2012 et
1398 1970 1568 2025 magnis
1601 1969 1651 2012 de
1684 1970 1824 2013 causis

125 2056 151 2083 a
187 2056 255 2083 me
293 2041 507 2098 diligitur:
551 2056 652 2083 nam
697 2044 740 2084 et
784 2042 977 2084 amicitia
1019 2045 1220 2097 pervetus
1266 2041 1372 2082 mihi
1419 2056 1515 2082 cum
1560 2056 1609 2083 eo
1653 2044 1736 2096 est,
1779 2045 1828 2082 ut

73 2125 87 2149 ‘-
125 2112 313 2167 primum
345 2112 390 2153 in
420 2111 564 2154 forum
595 2112 724 2167 venit,
756 2112 980 2168 instituta,
1013 2116 1056 2154 et
1088 2112 1232 2154 Patris
1265 2127 1363 2154 cum
1395 2112 1656 2166 aliquotiens
1689 2115 1827 2167 antea,

126 2186 221 2224 tum
251 2182 445 2238 proxime
477 2182 558 2225 hoc
585 2183 827 2224 miserrimo
854 2183 968 2225 bello
995 2184 1147 2225 domus
1175 2183 1265 2224 eius
1292 2186 1388 2224 tota
1413 2182 1520 2224 mihi
1545 2183 1700 2237 patuit,
1734 2197 1828 2237 qua,

129 2254 165 2296 si
198 2269 305 2309 opus
336 2253 503 2307 fuisset,
535 2257 626 2295 tam
658 2268 796 2295 essem
828 2268 931 2295 usus
965 2268 1095 2308 quam
1126 2268 1238 2308 mea,
1277 2253 1510 2295 maximum
1543 2256 1688 2295 autem
1720 2253 1826 2294 milii

129 2325 348 2367 vinculum
381 2340 478 2367 cum
510 2340 559 2366 00
593 2327 659 2366 est
691 2324 813 2379 quasi
840 2324 1067 2366 sanctioris
1095 2325 1316 2366 cuiusdam
1342 2323 1683 2379 necessitudinis,
1716 2325 1828 2380 quod

131 2399 197 2437 est
240 2395 378 2438 Attici
426 2395 564 2437 nostri
614 2395 977 2437 familiarissimus
1028 2410 1209 2451 eumque
1259 2411 1392 2437 unuin
1442 2398 1614 2450 praeter
1664 2398 1830 2437 ceteros

78 2479 92 2503 3
132 2469 334 2521 opservat
364 2481 412 2509 ac
445 2466 598 2522 diligit.
657 2481 784 2521 quem
817 2466 853 2507 si
885 2469 932 2508 tu
963 2466 1050 2509 iam
1082 2466 1194 2509 forte
1234 2465 1450 2522 cognosti,
1492 2469 1597 2521 puto
1636 2481 1703 2508 me
1740 2466 1830 2520 1100,
1857 2483 1865 2494 ⁶

132 2537 247 2592 quod
277 2536 406 2591 facio,
444 2537 583 2579 facere
617 2537 770 2592 serius3
810 2552 859 2579 ea
897 2540 963 2579 est
1002 2538 1116 2579 enim
1153 2538 1423 2580 humanitate
1463 2541 1506 2579 et
1545 2538 1831 2592 observantia,

132 2611 180 2650 ut
212 2623 310 2650 eum
342 2608 423 2649 tibi
456 2608 541 2649 iam
573 2608 715 2662 ipsum
753 2622 829 2663 per
861 2623 905 2650 se
939 2609 1286 2651 commendatum
1324 2612 1492 2664 putem,
1537 2609 1648 2663 quod
1686 2611 1829 2650 tamen

131 2680 167 2720 si
194 2679 255 2721 ita
281 2682 359 2734 est,
392 2693 550 2734 magno
579 2693 705 2733 opere
733 2693 757 2719 a
782 2681 825 2720 te
852 2694 1024 2735 quaeso,
1052 2681 1178 2722 ut'ad
1205 2695 1298 2722 eam
1326 2681 1607 2735 voluntatem,
1639 2679 1675 2720 si
1703 2694 1829 2734 quani

251 2823 282 2855 2.
308 2821 346 2853 te
373 2819 538 2864 speraret
563 2828 709 2862 quoquc
736 2818 776 2852 H
805 2819 816 2862 ΙΙ
849 2821 878 2853 5.
908 2818 1109 2854 arbitrarer
1134 2820 1195 2863 M,
1229 2819 1387 2854 arbitrer
1413 2819 1494 2854 HD
1524 2821 1535 2864 ΙΙ
1568 2822 1597 2854 7.
1626 2830 1719 2853 1111118
1750 2830 1829 2863 sup.

130 2878 179 2902 vs.
201 2866 269 2902 11¹.
314 2878 408 2901 unus
434 2865 479 2900 de
505 2865 579 2899 tuis
605 2865 644 2899 J)
668 2866 679 2908 ΙΙ
706 2868 736 2900 9.
763 2865 851 2911 mei]
878 2876 1000 2900 meum
1031 2869 1095 2911 ΨΙΙ
1115 2867 1215 2910 quod
1239 2867 1319 2912 ipse
1346 2867 1416 2911 ΗΠ
1437 2871 1491 2902 10.
1518 2866 1553 2901 01
1579 2866 1673 2910 MD,
1700 2867 1738 2900 et
1762 2866 1802 2901 H
1821 2886 1831 2911 Ji

132 2914 291 2949 libenter
318 2913 396 2948 ΗΒ
414 2915 425 2958 ΙΙ
446 2917 499 2947 14.
527 2911 717 2958 cupiebat]
744 2912 848 2957 cupit
868 2913 1016 2948 Ernesti
1035 2915 1046 2958 ΙΙ
1068 2917 1120 2949 15.
1148 2913 1224 2948 iam
1250 2914 1314 2948 diu
1338 2913 1483 2959 pridem
1504 2913 1548 2948 H
1562 2916 1573 2957 ΙΙ
1595 2916 1648 2948 16.
1672 2916 1725 2948 17,
1753 2912 1831 2958 opi-

132 2961 260 2997 niones
286 2961 336 2996 M
367 2962 378 3006 ΙΙ
416 2964 470 2996 19.
498 2959 590 2994 1111111
617 2959 712 3003 HD,
751 2972 816 2995 om.
843 2960 893 2994 M
924 2961 935 3004 ΙΙ
972 2964 1027 2996 23.
1054 2961 1137 3007 M'.]
1169 2973 1216 2997 m.
1247 2964 1287 2996 Ψ
1314 2962 1326 3006 ΙΙ
1356 2960 1570 3006 negotiatur
1604 2960 1722 3005 patris
1755 2960 1823 3003 H¹

132 3011 188 3044 25.
214 3007 319 3044 uenit
343 3008 435 3051 HD,
461 3007 548 3042 ueni
573 3008 621 3042 M
636 3008 647 3051 ss
667 3010 722 3041 26.
749 3006 915 3051 proxime
941 3007 1010 3042 hoc
1036 3007 1115 3043 mis.
1144 3008 1258 3054 bello]
1285 3011 1329 3052 cf.
1352 3009 1407 3043 W.
1428 3008 1581 3043 Iudeich
1608 3008 1757 3043 ‘Caesar
1782 3009 1832 3043 im

136 3055 274 3091 Orient’
297 3056 414 3101 (Lips.
432 3056 537 3100 1885)
553 3066 590 3099 p.
608 3058 674 3088 168
695 3055 706 3098 ΙΙ
725 3057 780 3089 27.
802 3057 857 3089 28.
879 3053 1069 3089 uinculum
1089 3055 1182 3089 mihi
1196 3056 1240 3090 H
1255 3058 1266 3100 ΙΙ
1286 3060 1341 3090 30.
1363 3054 1532 3100 cognosti
1546 3055 1602 3098 M,
1622 3054 1831 3100 cognouisti

134 3102 214 3137 111)
250 3104 263 3147 11
300 3106 354 3139 31.
381 3102 622 3138 obseruantia
647 3103 685 3135 ct
711 3101 945 3136 humanitate
971 3103 1013 3137 11
1048 3105 1059 3148 ΙΙ
1096 3106 1150 3138 32.
1178 3114 1243 3148 per
1267 3115 1304 3137 se
1330 3102 1452 3147 ipsum
1473 3102 1517 3137 II
1549 3104 1560 3149 ΙΙ
1598 3107 1652 3138 33.
1679 3113 1831 3149 magno—

134 3161 218 3194 pere
247 3150 290 3184 ΙΙ

1860 2481 1877 2510 [ὠ
