2242 3496
692 207 1030 243 EPISTVLARVM
1058 209 1098 244 X.
1125 212 1180 243 31.
1208 212 1263 243 32.
1739 207 1824 249 273

129 331 259 372 quam
290 319 441 372 putare
474 330 578 358 esse.
635 331 766 371 quare
793 332 889 358 eum
923 333 989 359 me
1023 318 1222 359 existima
1254 332 1359 370 esse,
1391 316 1464 371 qui
1495 315 1681 371 primum
1708 317 1824 371 pacis

129 387 433 442 cupidissimus
466 387 547 429 sim
572 412 631 417 —-
658 387 795 430 Omnis
829 389 942 430 enim
976 389 1080 430 civis
1119 389 1245 443 plane
1278 388 1430 430 studeo
1463 402 1555 429 csse
1588 387 1731 429 salvos
1757 412 1826 442 -‚

129 458 280 500 deinde
314 458 387 513 qui
419 461 462 500 et
494 473 559 499 mc
593 462 636 500 et
668 474 757 501 rem
792 460 1007 514 publicam
1043 459 1259 501 vindicare
1293 459 1335 500 in
1368 459 1615 500 libertatem
1649 461 1826 513 paratus

129 528 223 572 sim.
285 528 398 583 quod
437 528 693 571 familiarem
732 544 874 572 meum
913 533 1085 572 tuorum
1117 545 1296 571 numero
1328 529 1480 585 habes,
1518 530 1717 585 opinione
1751 533 1825 571 tua
1852 540 1871 569 O

94 613 111 639 5
129 599 236 641 mihi
263 600 430 655 gratius
457 603 541 655 est3
574 601 744 643 invideo
771 601 836 642 illi
862 604 1019 654 tamen,
1053 602 1164 655 quod
1192 601 1386 642 ambulat
1413 603 1455 643 et
1481 601 1647 642 iocatur
1673 605 1828 644 tecum.

130 684 328 726 quaeres,
368 672 519 726 quanti
553 672 787 714 aestimem.
850 673 886 714 si
918 687 1123 726 umquam
1161 671 1332 713 licuerit
1365 672 1505 713 vivere
1538 672 1581 713 in
1615 672 1723 726 otio,
1761 687 1827 714 ex-

128 741 330 798 perieris;
379 743 546 784 nullum
591 743 704 784 enim
750 743 981 798 vestigium
1025 758 1101 797 aps
1148 746 1189 784 te
1236 743 1501 785 discessurus
1547 758 1653 785 sum.
1721 743 1828 785 illud

128 812 405 855 vehementer
436 813 646 867 admiror,
678 828 763 856 non
797 814 1022 868 scripsisse
1055 817 1096 855 tc
1130 813 1254 868 mihi,
1287 815 1498 856 manendo
1532 815 1574 855 in
1608 814 1828 868 provincia

129 883 409 936 anvducendo
442 884 677 926 exercitum
709 885 753 926 in
784 883 958 926 Italiam
990 885 1050 926 rei
1084 900 1123 939 p.
1155 884 1294 940 magis
1328 885 1434 926 satis
1475 885 1615 927 facere
1647 885 1828 940 possim:

81 969 111 994 ιο
130 966 212 1009 ego
258 953 451 1008 quidem,
495 954 576 996 etsi
621 954 728 996 mihi
772 955 909 997 tutius
948 971 996 997 ac
1036 956 1178 997 minus
1223 955 1487 997 laboriosum
1535 960 1601 998 est
1644 971 1828 1010 manere,

130 1027 293 1080 tamen,
331 1021 433 1080 quia
464 1024 586 1068 video
621 1027 699 1067 tali
731 1030 926 1081 tempore
958 1027 1095 1069 multo
1135 1027 1274 1083 magis
1313 1027 1556 1083 legionibus
1596 1042 1702 1082 opus
1735 1042 1828 1070 esse

130 1110 259 1151 quam
291 1095 540 1151 provinciis,
572 1111 679 1151 quae
711 1098 967 1152 praesertim
999 1097 1243 1152 recuperari
1275 1099 1392 1140 nullo
1425 1099 1602 1154 negotio
1634 1101 1829 1153 possunt,

130 1166 357 1222 constitui,
392 1170 442 1209 ut
473 1182 586 1210 nunc
619 1171 703 1224 est,
743 1183 840 1211 cum
879 1169 1069 1211 exercitu
1100 1169 1326 1224 proficisci.
1390 1169 1539 1211 deinde
1573 1184 1623 1211 ex
1655 1169 1828 1222 litteris,

131 1251 237 1292 quas
281 1236 447 1280 Pansae
493 1239 613 1294 misi,
658 1254 894 1296 cognosces
939 1241 1103 1295 omnia3
1148 1255 1247 1282 nam
1292 1240 1373 1281 tibi
1418 1255 1564 1282 earum
1611 1240 1829 1295 exemplar

78 1323 112 1349 15
130 1308 242 1351 misi.
302 1321 400 1352 xvn
431 1308 483 1351 Κ.
516 1310 620 1364 Apr.
652 1309 865 1353 Corduba.

799 1453 976 1496 XXXII.
1022 1452 1158 1510 (417.)

539 1546 583 1590 O.
617 1546 856 1590 ASINIVS
889 1548 1100 1591 POLLIO
1132 1547 1424 1591 CICERONI.

248 1640 413 1683 Balbus
440 1645 644 1696 quaestor
671 1656 829 1698 magna
853 1646 1080 1688 numerata
1103 1643 1297 1698 pecunia,
1330 1659 1486 1700 magno
1513 1645 1699 1700 pondere
1727 1645 1832 1700 auri,
1862 1657 1878 1686 1

132 1711 294 1754 maiore
320 1712 491 1768 argenti
523 1716 672 1755 coacto
705 1714 755 1755 de
787 1713 973 1768 publicis
1000 1714 1310 1769 exactionibus,
1340 1730 1393 1757 ne
1420 1716 1634 1770 stipendio
1662 1716 1833 1771 quidem

79 1797 113 1822 20
132 1782 345 1825 militibus
372 1783 539 1825 reddito
570 1784 693 1825 duxit
725 1798 770 1825 se
796 1799 821 1826 a
847 1782 1040 1826 Gadibus
1066 1787 1110 1826 et
1136 1784 1328 1826 triduum
1353 1788 1613 1840 tempestate
1639 1789 1833 1828 retentus

131 1852 184 1894 ad
222 1852 400 1908 Calpem
438 1853 490 1896 K.
527 1853 620 1896 Iun.
659 1854 832 1897 traiecit
873 1870 966 1897 sese
1009 1855 1056 1897 in
1100 1869 1280 1910 regnum
1317 1856 1510 1912 Bogudis
1554 1857 1682 1912 plane
1725 1858 1833 1899 bene

129 1923 383 1978 peculiatus.
444 1925 513 1967 his
546 1926 792 1968 rumoribus
825 1928 971 1969 utrum
999 1925 1132 1968 Gadis
1165 1926 1377 1968 referatur
1407 1942 1462 1968 an
1487 1927 1671 1970 Romam
1699 1953 1752 1958 —
1782 1928 1834 1970 ad

131 1992 326 2051 singulos
358 1995 472 2038 enim
503 1996 681 2039 nuntios
713 1997 964 2052 turpissime
1004 1997 1185 2040 consilia
1223 2000 1365 2040 mutat
1396 2023 1472 2054 —7
1509 2000 1700 2042 nondum
1733 2001 1834 2043 scio.

131 2065 205 2106 sed
241 2068 412 2121 praeter
447 2067 565 2110 furta
602 2070 646 2110 et
683 2068 857 2123 rapinas
895 2071 940 2111 et
977 2067 1110 2124 virgis
1151 2082 1299 2110 caesos
1338 2069 1478 2111 socios
1518 2070 1622 2112 haec
1662 2086 1833 2126 quoque
1861 2084 1880 2113 2

78 2151 111 2177 25
130 2134 235 2178 fecit
269 2161 319 2167 —
353 2140 404 2180 ut
440 2138 533 2194 ipse
577 2138 756 2195 gloriari
783 2139 925 2195 solet,
970 2140 1135 2194 eadem,
1180 2153 1288 2194 quae
1327 2139 1371 2182 C.
1400 2139 1558 2183 Caesar
1591 2157 1665 2184 -ε
1708 2142 1835 2199 ludis⁷

132 2220 239 2261 quos
266 2206 459 2252 Gadibus
491 2209 605 2264 fecit,
635 2209 904 2251 Herennium
937 2208 1111 2251 Gallum
1142 2209 1404 2252 histrionem
1435 2226 1602 2254 summo
1635 2212 1835 2255 ludorum

131 2276 199 2320 die
225 2280 354 2322 anulo
380 2295 510 2323 aureo
537 2281 745 2336 donatum
771 2281 817 2322 in
842 2293 945 2322 xlm
972 2295 1140 2322 sessum
1166 2281 1341 2323 deduxit
1365 2306 1414 2312 ——
1437 2284 1505 2324 tot
1531 2283 1646 2325 enim
1670 2283 1833 2327 fecerat

132 2348 303 2392 ordines
336 2352 550 2406 equestris
583 2352 667 2394 loci
703 2369 774 2408 —3
807 2351 1206 2408 quattuorviratum
1238 2351 1323 2394 sibi
1353 2354 1625 2409 prorogavit3
1659 2354 1836 2397 comitia

131 2419 294 2463 biennii
319 2421 450 2464 biduo
476 2422 641 2478 habuit,
670 2423 754 2465 hoc
780 2426 847 2464 est
872 2422 1148 2476 renuntiavit,
1182 2437 1290 2477 quos
1317 2423 1356 2465 ei
1383 2423 1522 2466 visum
1549 2428 1633 2482 est3
1666 2426 1833 2468 exsules

79 2506 113 2532 30
132 2490 321 2547 reduxit,
363 2506 452 2535 non
494 2493 649 2536 horum
693 2496 956 2549 temporum,
1001 2493 1075 2535 sed
1118 2493 1312 2549 illorum,
1357 2493 1513 2550 quibus
1551 2510 1577 2537 a
1616 2496 1834 2539 seditiosis

133 2564 307 2604 senatus
352 2563 593 2606 trucidatus
638 2567 714 2605 aut
758 2564 960 2619 expulsus
998 2566 1065 2605 est
1098 2562 1193 2606 Sex.
1225 2563 1342 2607 Varo
1386 2580 1554 2620 procos.
1616 2567 1691 2609 illa
1732 2581 1835 2609 vero
1861 2586 1881 2616 3

250 2694 282 2726 3.
308 2690 483 2726 libertate
510 2691 591 2726 HD
608 2693 620 2737 11
640 2696 671 2726 4.
693 2691 789 2739 (in)
815 2693 964 2726 tuorum
988 2692 1067 2726 αῖιῗί.
1112 2692 1157 2735 cf.
1184 2691 1348 2728 Schmalz
1367 2705 1407 2738 p.
1428 2697 1470 2727 21
1493 2695 1503 2738 ΙΙ
1524 2698 1555 2730 6.
1583 2694 1716 2739 quanti
1736 2694 1832 2742 (id)

131 2737 200 2773 alii
218 2739 231 2782 ΙΙ
251 2740 281 2773 7.
309 2738 375 2773 abs
402 2739 483 2773 HD
501 2741 513 2783 11
532 2742 564 2775 8.
592 2744 623 2774 9.
653 2739 844 2784 prouincia
869 2738 1128 2773 manducendo
1151 2739 1206 2783 M,
1231 2739 1466 2784 prouinciam
1493 2752 1541 2776 an
1567 2742 1736 2777 ducendo
1763 2742 1804 2777 H
1824 2747 1834 2789 [l

133 2787 187 2820 12.
212 2786 385 2833 possunt]
417 2786 564 2831 possint
590 2787 810 2832 Wesenberg.
855 2788 901 2830 cf.
935 2786 1097 2821 Schmalz
1123 2798 1161 2831 p.
1183 2789 1228 2820 23
1265 2788 1276 2831 Η
1315 2791 1368 2823 14.
1401 2787 1487 2822 misi
1513 2789 1609 2833 111),
1642 2789 1736 2824 mihi
1761 2790 1811 2825 M
1824 2827 1836 2836 ..

134 2835 189 2868 19.
215 2833 356 2868 maiore
386 2846 431 2869 ex
460 2833 580 2869 maior
605 2834 672 2868 Mc
708 2835 720 2878 Η
757 2838 812 2869 20.
839 2832 992 2868 milibus
1018 2833 1068 2867 M
1094 2832 1292 2877 (militibus
1318 2835 1397 2879 Mr)
1433 2836 1446 2880 ΙΙ
1482 2835 1644 2881 gadibus
1676 2849 1720 2873 eir:
1751 2848 1834 2883 gra-

132 2878 242 2914 dibus
267 2881 329 2916 Ml
365 2882 377 2926 ΙΙ
414 2884 469 2916 21.
502 2880 670 2927 Calpem]
708 2880 847 2926 Calpen
879 2882 957 2917 alii.
1002 2881 1048 2924 cf.
1075 2880 1238 2916 Schmalz
1263 2881 1326 2917 As.
1356 2882 1424 2917 P.2
1443 2894 1483 2928 p.
1505 2886 1525 2917 9
1556 2885 1568 2928 ΙΙ
1598 2883 1759 2930 bogudis
1785 2885 1835 2929 D,

131 2930 164 2962 et
188 2927 246 2962 Ηι
277 2939 322 2964 ex
345 2928 527 2974 bugudis,
559 2934 599 2964 ut
630 2929 721 2972 vicl„
754 2928 905 2974 bogutis
931 2927 985 2962 M.
1025 2929 1070 2971 cf.
1097 2928 1302 2974 Laozdyraf
1321 2931 1369 2964 ad
1395 2930 1425 2964 b.
1452 2930 1558 2966 Alex.
1586 2935 1642 2976 59,
1663 2935 1702 2976 3,
1734 2944 1836 2978 quem

132 2977 252 3010 tamen
286 2977 441 3011 nimium
474 2987 519 3011 esc
551 2977 618 3011 hoc
653 2977 796 3011 nornine
833 2975 1044 3012 concludere
1076 2979 1167 3019 puto
1203 2978 1216 3020 ΙΙ
1253 2979 1308 3011 22.
1342 2976 1391 3010 ad
1422 2977 1504 3011 HD
1529 2978 1641 3023 (ΜΓ),
1679 2989 1728 3014 an
1762 2980 1811 3014 M

132 3023 189 3055 23.
215 3023 338 3058 mutat
362 3022 531 3068 consilia,
556 3025 621 3059 ult.
650 3034 673 3058 a
701 3028 716 3057 1
745 3035 789 3058 ea·
815 3034 846 3068 O,
873 3024 919 3058 H
941 3025 953 3069 ΙΙ
984 3025 1039 3056 27.
1067 3022 1339 3070 donatumlfflffl
1362 3023 1412 3067 in,
1439 3027 1531 3059 3—4
1557 3026 1624 3062 litt.
1652 3038 1738 3070 raa,
1763 3028 1812 3062 M
1827 3035 1829 3040 ¹

133 3066 274 3104 fecerat
297 3082 364 3106 om.
390 3070 436 3106 H
455 3073 467 3116 ΙΙ
492 3075 548 3107 28.
575 3070 806 3117 prorogavit]
834 3072 880 3114 cf.
907 3072 1108 3106 Blommsen
1136 3071 1179 3106 ‘r.
1207 3070 1375 3106 Staatsr.'
1404 3071 1444 3105 1³
1465 3084 1504 3116 p.
1525 3075 1604 3118 500,
1627 3077 1658 3118 1,
1685 3077 1764 3118 637,
1787 3079 1805 3108 1

135 3116 366 3198 30.1{e5duxit
388 3129 434 3154 ea:
460 3118 590 3153 eduxit
616 3119 676 3153 Μ1
708 3122 718 3162 ΙΙ
750 3122 804 3153 31.
839 3118 918 3153 Sex.
946 3119 1046 3154 Varo
1070 3117 1230 3163 procos]
1261 3118 1308 3162 cf.
1336 3119 1520 3163 Wilsdorf
1539 3120 1663 3165 Leipz.
1691 3122 1794 3158 δέκα.
1825 3123 1837 3156 Ι

129 3173 169 3207 p.

207 3229 270 3255 Clc.
290 3237 334 3262 ep.
354 3231 400 3257 ed.
420 3231 702 3258 Mondolssohn.
1511 3231 1553 3260 18
