2242 3496
365 185 418 225 14
963 181 1011 217 M.
1039 179 1179 215 TVLLI
1205 178 1454 215 CICERONIS

362 291 444 333 sibi
476 292 549 334 ille
582 292 768 333 adfixum
801 289 980 331 habebit
1011 302 1149 341 neque
1176 301 1200 327 a
1226 302 1292 328 me
1318 288 1409 329 ulla
1435 302 1515 342 res,
1548 303 1655 342 quae
1683 290 1734 331 ad
1760 292 1802 331 te
1828 289 2056 344 pertineat,

360 363 625 417 neglegetur,
657 375 793 414 neque
827 360 940 400 enim
971 358 1172 412 verebor,
1201 372 1254 398 ne
1288 358 1369 398 sim
1403 358 1441 400 ei
1472 358 1692 413 molestus,
1725 360 1792 401 cui
1824 361 2056 402 iucundum

322 444 341 474 ὓ
362 433 444 473 erit
471 433 601 473 etiam
630 433 804 485 propter
832 444 874 470 se
901 429 1056 482 ipsum,
1083 442 1213 482 quom
1239 442 1305 468 me
1333 442 1425 469 esse
1453 431 1627 482 gratum
1647 430 1820 471 videbit.
1859 434 1908 472 tu
1926 431 2056 472 velim

359 502 440 543 tibi
467 502 529 543 ita
555 501 821 556 persuadeas,
853 499 1017 539 nullam
1044 513 1134 539 rem
1162 512 1253 539 esse
1281 497 1516 552 minimam,
1549 513 1657 552 quae
1685 500 1736 540 ad
1762 503 1804 542 te
1830 501 2058 555 pertineat,

360 587 465 626 quae
500 572 604 612 mihi
631 586 716 612 non
743 570 882 611 carior
909 569 967 610 sit
995 583 1123 622 quam
1150 583 1267 609 meae
1295 583 1362 610 res
1390 583 1551 622 omneS,
1583 569 1710 624 idque
1737 585 1834 611 cum
1861 571 2056 624 sentiam,
2095 592 2111 607 ›

360 642 587 683 sedulitate
625 640 823 681 mihimet
854 640 946 694 ipse
980 639 1084 680 satis
1123 639 1263 680 facere
1301 653 1496 700 possum,
1537 654 1581 680 re
1621 640 1792 694 quidem
1830 641 1925 695 ipsa
1961 642 2056 682 ideo

360 712 464 752 mihi
496 725 582 751 non
613 711 720 751 satis
753 710 882 764 facio,
921 710 1033 764 quod
1072 709 1237 750 1111113111
1274 713 1442 763 partem
1480 713 1654 751 tuorum
1687 711 1940 752 meritorum
1971 726 2058 753 non

360 783 484 822 modo
520 781 757 835 referenda,
800 781 874 822 sed
904 795 958 822 ne
990 780 1222 835 cogitanda
1255 780 1427 834 quidem
1459 780 1602 836 gratia
1634 781 1839 836 consequi
1870 796 2060 836 possum.

320 866 337 894 τ
363 867 448 892 16111
484 855 526 892 te
559 851 680 891 valde
713 851 820 892 bene
857 852 1044 906 gessisse
1070 865 1218 892 rumor
1245 854 1354 906 erat,
1387 853 1725 906 expectabantur
1750 853 1922 894 litterae
1949 856 2061 907 tuae,

358 923 408 962 de
442 922 598 975 quibus
631 936 800 963 eramus
839 922 924 963 iam
964 937 1061 964 cum
1093 921 1300 976 Pompeio
1333 923 1486 977 locuti,
1526 937 1631 977 quae
1665 923 1701 964 si
1733 926 1859 964 erunt
1892 924 2060 977 allatae,
2083 938 2115 961 10

358 995 554 1033 nostrum
601 993 792 1033 studium
838 993 1028 1034 exstabit
1066 993 1110 1033 in
1149 992 1450 1034 conveniendis
1491 993 1822 1047 magistratibus
1861 997 1904 1034 et
1944 1009 2063 1035 sena-

359 1063 540 1116 toribus,
573 1066 812 1117 ceteraque,
845 1078 952 1117 quae
986 1064 1038 1104 ad
1070 1066 1112 1104 te
1144 1063 1436 1118 pertinebunt,
1469 1078 1566 1105 cuin
1596 1064 1728 1105 etiam
1759 1064 1857 1118 plus
1891 1067 2062 1106 conten-

358 1133 558 1187 derimus,
591 1148 719 1187 quam
751 1147 994 1188 possumus,
1028 1134 1169 1175 minus
1202 1136 1348 1175 tamen
1379 1134 1600 1188 faciemus,
1633 1149 1762 1189 quam
1795 1135 2010 1176 debemus.

1088 1275 1163 1316 IX.
1221 1273 1329 1331 (47.)

754 1369 810 1411 M.
845 1368 1056 1411 CICERO
1093 1368 1131 1411 3.
1164 1369 1215 1411 D.
1247 1369 1519 1411 LENTVLO
1552 1369 1670 1412 IMP.
2084 1389 2117 1414 15

321 1478 334 1506 1
477 1464 770 1506 Periucundae
797 1464 904 1505 mihi
929 1464 1105 1506 fuerunt
1136 1464 1308 1505 litterae
1341 1466 1453 1518 tuae,
1485 1465 1641 1518 quibus
1676 1465 1869 1506 intellexi
1902 1468 1945 1506 te
1970 1480 2063 1519 per-

360 1534 521 1588 spicere
560 1549 700 1576 meam
737 1535 782 1576 in
821 1538 863 1576 te
902 1535 1110 1589 pietatem
1147 1560 1195 1564 —
1233 1534 1335 1588 quid
1374 1535 1487 1575 enim
1526 1535 1666 1577 dicam
1706 1536 2064 1590 benevolentiam,

359 1620 454 1645 cum
488 1605 592 1646 illud
619 1606 760 1660 ipsun]
787 1606 1091 1661 gravissimum
1118 1609 1162 1647 et
1188 1605 1514 1646 sanctissimum
1543 1621 1700 1647 nomen
1725 1606 1901 1660 pietatis
1926 1607 2062 1648 levius

359 1675 464 1716 mihi
491 1676 656 1717 meritis
684 1691 787 1732 erga
818 1692 885 1718 me
918 1677 1005 1718 tuis
1038 1692 1130 1718 esse
1157 1676 1382 1717 videatur?
1409 1693 1484 1731 -ή,
1518 1677 1630 1731 quod
1657 1680 1803 1718 autem
1828 1676 1910 1718 tibi
1937 1680 2064 1732 grata

360 1762 453 1788 mea
486 1762 587 1802 erga
618 1750 662 1788 te
695 1748 839 1789 studia
865 1748 1019 1790 scribis
1046 1762 1150 1798 esse,
1181 1747 1288 1788 facis
1316 1749 1364 1787 tu
1390 1747 1561 1801 quidem
1587 1748 1852 1789 abundantia
1879 1748 2063 1802 quadam
2083 1767 2117 1791 20

360 1818 531 1871 amoris,
557 1820 605 1858 ut
632 1818 764 1859 etiam
786 1822 911 1874 grata
939 1818 1026 1859 sint
1053 1832 1114 1871 63,
1141 1832 1249 1872 quae
1275 1817 1568 1871 praetermitti
1595 1818 1686 1859 sine
1712 1818 1876 1859 nefario
1904 1818 2062 1859 scelere

358 1903 445 1929 non
477 1891 677 1943 possunt,
720 1889 802 1930 tibi
841 1892 986 1930 autem
1024 1889 1162 1930 multo
1195 1888 1340 1929 notior
1373 1891 1501 1942 atque
1533 1888 1759 1929 inlustrior
1791 1903 1911 1929 meus
1944 1888 1989 1929 in
2020 1891 2063 1929 te

363 1959 531 2001 animus
565 1953 696 2013 esset,
723 1960 759 2001 si
790 1961 873 2002 hoc
905 1963 1099 2014 tempore
1133 1959 1260 2013 omni,
1294 1974 1378 2013 quo
1411 1958 1592 2000 diiuncti
1624 1958 1798 2013 fuimus,
1830 1962 1873 2000 et
1904 1973 1989 2000 una
2020 1963 2064 2000 et

319 2042 338 2071 2
360 2029 522 2071 Romae
555 2030 803 2072 fuissemus:
844 2046 945 2072 nam
975 2031 1022 2071 in
1053 2045 1102 2072 eo
1136 2031 1243 2085 ipso,
1276 2030 1389 2085 quod
1422 2032 1464 2071 te
1499 2030 1689 2071 ostendis
1722 2044 1814 2071 esse
1846 2029 2062 2071 facturum

361 2101 557 2155 quodque
584 2105 627 2142 et
653 2102 696 2143 in
721 2102 873 2157 primis
900 2105 1025 2157 potes
1053 2105 1095 2143 et
1122 2116 1202 2157 ego
1231 2117 1255 2142 a
1281 2104 1323 2142 te
1350 2101 1626 2142 vehementer
1652 2103 1865 2155 exspecto,
1897 2100 1942 2141 in
1968 2115 2059 2141 sen·
2079 2119 2113 2144 25

363 2171 510 2212 tentiis
533 2172 760 2214 senatoriis
782 2176 825 2214 et
851 2173 895 2214 in
917 2173 1034 2214 omni
1054 2173 1222 2214 actione
1245 2175 1373 2226 atque
1389 2172 1761 2213 administratione
1782 2171 1843 2212 rei
1863 2170 2062 2225 publicae

362 2241 654 2284 floruissemus
686 2267 734 2273 —
765 2243 814 2284 de
848 2258 932 2298 qua
965 2244 1190 2285 ostendam
1223 2243 1421 2297 equidem
1453 2243 1581 2297 paulo
1614 2245 1714 2297 post
1747 2241 1821 2296 qui
1853 2243 1912 2283 sit
1942 2256 2062 2283 meus

364 2326 512 2353 sensus
546 2316 589 2353 et
621 2316 775 2367 status,
809 2317 852 2355 et
878 2314 1113 2356 rescribam
1140 2314 1221 2355 tibi
1248 2314 1301 2355 ad
1327 2329 1387 2368 ea,
1421 2328 1528 2368 quae
1555 2313 1726 2367 quaeris
1748 2337 1815 2367 --—,
1848 2313 1921 2353 sed
1947 2315 2062 2354 certe

362 2385 405 2422 et
438 2397 517 2437 ego
552 2386 593 2424 te
627 2388 800 2426 auctore
828 2385 1091 2426 amicissimo
1125 2399 1174 2426 ac
1207 2384 1529 2438 sapientissimo
1564 2386 1606 2424 et
1637 2386 1685 2424 tu
1717 2398 1784 2424 me
1817 2382 2063 2424 consiliario

361 2453 544 2494 fortasse
583 2469 670 2496 non
708 2455 1053 2509 imperitissimo,
1094 2455 1209 2496 fideli
1249 2456 1422 2509 quidem
1460 2458 1502 2496 et
1542 2454 1740 2495 benivolo
1781 2457 1914 2509 certe,
1957 2469 2060 2495 usus
2083 2473 2118 2497 30

362 2538 475 2564 esses
512 2549 560 2553 ——
598 2540 858 2580 quamquam
898 2529 973 2567 tua
1018 2525 1190 2580 quidem
1236 2540 1364 2566 causa
1401 2529 1443 2566 te
1486 2539 1578 2566 esse
1622 2525 1929 2579 imperatorem
1968 2539 2062 2578 pro-

480 2656 508 2686 1.
538 2651 610 2686 sibi
636 2652 699 2686 ille
725 2653 766 2686 in
785 2664 855 2687 ras.
878 2654 943 2686 Mc
970 2654 1056 2697 (fuit
1081 2655 1165 2696 sort.
1194 2653 1344 2698 sybille)
1365 2654 1376 2696 ll
1395 2656 1427 2686 2.
1448 2663 1494 2686 116
1516 2651 1585 2686 31111
1605 2651 1639 2686 61
1662 2652 1744 2695 GR,
1770 2651 1851 2685 nesi
1873 2656 1877 2695 Ι
1900 2651 1974 2685 11161
1994 2651 2061 2697 111,ἶ

362 2702 391 2732 3.
421 2710 458 2732 36
481 2700 668 2742 Graevius,
694 2701 732 2733 te
754 2701 788 2733 Ω
807 2702 817 2743 [Ι
837 2702 965 2747 quom]
993 2712 1106 2744 quam
1126 2702 1160 2734 Ω
1179 2703 1189 2745 Η
1209 2705 1241 2735 4.
1268 2699 1478 2745 minimam]
1506 2702 1551 2742 cf.
1578 2699 1736 2744 Madvty
1762 2700 1811 2733 ad
1833 2699 1904 2733 Cic.
1930 2699 1973 2733 de
1997 2699 2060 2741 fin.

365 2746 421 2787 111,
447 2751 475 2789 1,
496 2744 515 2778 3
548 2748 558 2789 ΙΙ
591 2750 621 2781 5.
650 2757 762 2789 quani
785 2748 865 2790 GR,
892 2759 975 2782 cum
1003 2748 1073 2792 M1,
1106 2751 1183 2792 qlffi
1204 2750 1282 2792 (sic)
1304 2748 1370 2781 Ille
1390 2750 1400 2791 ΙΙ
1419 2746 1531 2790 idque
1557 2756 1715 2789 cumque
1739 2745 1899 2779 sentiam
1923 2744 2062 2786 seduli-

363 2794 440 2825 tate
465 2794 571 2837 (-tem
591 2793 670 2837 illc)
697 2793 848 2827 mihinie
875 2794 998 2838 ipsum
1024 2795 1115 2829 satis
1141 2796 1263 2830 facere
1289 2805 1363 2828 non
1388 2794 1529 2838 possim
1555 2794 1609 2836 M,
1636 2793 1675 2826 id
1701 2802 1955 2835 quaecumque
1981 2802 2061 2825 sen-

363 2838 455 2871 tiam
482 2839 546 2872 sed
572 2839 777 2874 utilitatem
802 2840 893 2873 1111111
918 2852 976 2875 1116
1002 2841 1125 2886 ipsum
1151 2855 1178 2877 3.
1205 2842 1229 2877 f.
1258 2853 1332 2876 non
1356 2841 1497 2886 possim
1524 2851 1688 2884 &possum
1716 2839 1764 2883 G)
1791 2839 1879 2882 GR,
1905 2849 1995 2873 corr.
2018 2844 2063 2883 ςξ,

365 2890 395 2918 9,
417 2885 567 2928 gississe
588 2887 635 2920 M
652 2887 825 2931 (gessisse
847 2888 922 2931 ΜΓ)
942 2891 953 2932 Η
975 2893 1027 2923 12.
1054 2889 1296 2932 pertinebunt
1316 2899 1348 2931 ς,
1375 2888 1484 2922 -bant
1504 2889 1538 2921 Ω
1556 2891 1567 2931 ΙΙ
1588 2891 1642 2921 15.
1665 2886 1699 2920 S.
1719 2885 1761 2920 D.
1782 2885 1820 2919 P.
1843 2896 1864 2922 ς
1883 2889 1894 2929 ΙΙ
1915 2888 1968 2919 19.
1989 2884 2063 2919 tibi

364 2943 407 2965 ex
420 2932 473 2965 ibi
489 2933 534 2965 M
542 2933 549 2953 ¹
571 2936 582 2977 ΙΙ
603 2938 655 2968 19.
670 2939 725 2968 20.
740 2934 811 2968 tibi
825 2936 934 2979 grata
949 2935 1073 2969 studia
1087 2947 1170 2970 mea
1185 2935 1315 2970 scribis
1333 2936 1366 2970 G
1384 2938 1395 2980 Η
1415 2939 1469 2970 21.
1485 2936 1595 2979 grata
1614 2944 1658 2967 esc
1677 2931 1801 2976 gratia
1819 2933 1981 2966 ‘radendo
1995 2932 2043 2965 M
2051 2935 2062 2977 11

366 2978 444 3011 31116
470 2980 610 3013 nefario
641 2982 727 3025 GR,
755 2981 930 3015 sinefario
957 2982 1006 3015 M
1019 2985 1029 3026 ΙΙ
1050 2986 1103 3017 23.
1132 2995 1204 3026 quo
1231 2983 1391 3017 diiuncti
1417 2993 1454 3026 ς,
1481 2981 1580 3024 quod
1605 2978 1723 3013 iuncti
1750 2979 1812 3021 M,
1845 2989 1917 3022 quo
1943 2978 2062 3012 iuncti

369 3025 439 3058 GR
459 3026 469 3068 ΙῙ
490 3037 557 3070 1111Η
589 3028 635 3059 Μ
658 3030 746 3072 (una
773 3029 851 3072 ΜΓ)
871 3031 881 3072 {l
901 3032 956 3063 27.
985 3029 1156 3072 equidem
1186 3031 1229 3074 G,
1257 3029 1453 3074 aequidem
1478 3028 1533 3070 M,
1560 3028 1597 3060 et
1622 3025 1772 3069 quidem
1798 3026 1834 3060 R
1852 3028 1864 3070 ΙΙ
1882 3025 1995 3070 paulo
2018 3027 2065 3070 Ω,

365 3071 491 3152 Pata&
519 3084 538 3109 ς
558 3075 569 3117 Η
589 3074 670 3117 quis
695 3076 727 3108 G
746 3077 756 3119 ΙΙ
777 3080 831 3110 30.
853 3074 1026 3109 beniuolo
1048 3078 1093 3121 Ω,
1118 3076 1301 3112 beneuolo
1328 3087 1348 3114 ς
1368 3078 1380 3121 ΙΙ
1399 3079 1455 3110 31.
1481 3084 1579 3109 esses
1599 3074 1645 3117 R,
1674 3083 1754 3107 esse
1775 3073 1822 3108 M
1845 3074 1958 3118 (esses
1974 3073 2063 3119 MP),

366 3128 403 3152 es
