2242 3542
827 234 1105 269 PRAEFATIO.
1707 230 1817 264 xxix

121 349 209 390 sint
233 348 444 389 indicatae
472 346 654 399 quidem.
706 344 850 384 cadem
880 347 922 383 ot
947 343 1220 398 neglegentia
1245 345 1288 383 et
1310 341 1452 382 iudicii
1480 339 1695 381 hebetudo
1724 354 1819 379 cum

122 419 166 459 in
192 417 462 472 singulorum
490 415 682 455 locorum
712 413 972 454 tractatione
998 412 1352 466 deprehendatur,
1385 411 1544 452 omissa
1570 410 1822 464 plerumque

123 489 236 530 bona
262 487 487 541 scriptura,
519 485 651 526 allata
683 484 817 525 futtili
851 484 1210 537 interpolatorum
1238 482 1684 525 contaminatorumvc
1712 480 1822 521 codi-

122 573 220 601 cum
251 557 552 611 discrepantia,
585 559 704 609 patet
739 569 812 596 eur
843 554 1100 595 Gruteriana
1132 569 1279 608 opera,
1313 568 1409 595 cum
1444 553 1487 593 in
1520 565 1677 606 magno
1711 550 1821 603 apud

123 629 324 683 aequales
357 631 637 682 posterosque
669 626 800 666 fuerit
830 625 1005 679 honore,
1037 625 1197 665 nullius
1229 625 1354 665 hodie
1388 624 1445 665 sit
1477 637 1591 664 usus.

242 699 379 740 multo
412 698 497 739 illis
531 696 783 751 prudentior
816 696 852 736 l.
882 695 933 737 G.
963 697 1177 736 Graevius.
1235 709 1496 749 quamquam
1529 693 1642 734 enim
1675 691 1822 732 sordes

122 769 362 811 tralaticias
401 784 452 810 ne
492 769 582 822 ipse
628 767 799 821 quidem
838 766 1000 820 sprevit
1039 766 1111 807 sed
1151 766 1271 806 auxit
1309 766 1432 806 novis
1471 764 1661 806 excussis
1700 762 1823 802 libris

122 840 298 894 vilibus,
342 843 486 881 tamen
524 854 621 880 vere
662 839 878 892 promovit
922 837 1282 878 emendationem:
1328 837 1485 891 quippe
1530 834 1663 890 priori
1709 833 1822 887 parti

124 911 288 966 primus
322 910 520 951 adhibuit
552 909 833 950 Harleianmn
861 909 974 949 2773
1007 908 1137 961 inque
1170 907 1306 948 altera
1333 906 1601 961 Hittorpiani
1635 908 1677 946 et
1706 903 1824 944 Pala-

123 982 204 1023 tini
231 981 342 1022 sexti
369 981 627 1035 scripturam
655 994 750 1020 cum
778 978 927 1020 attulit
952 979 1090 1019 multo
1111 977 1379 1032 frequentius
1401 992 1528 1031 quam
1551 993 1575 1017 a
1597 974 1824 1017 Gebhardo

123 1056 216 1094 erat
254 1051 418 1094 factum
451 1053 521 1097 (cf.
553 1066 591 1105 p.
621 1049 721 1091 XXI
748 1050 841 1090 adn.
872 1049 933 1105 1),
971 1053 1064 1090 tum
1106 1049 1180 1090 ubi
1214 1063 1280 1090 res
1318 1049 1450 1090 ferret
1489 1047 1704 1100 suscipere
1739 1058 1826 1086 non

124 1123 351 1164 dubitavit.
418 1122 570 1177 quodsi
615 1121 686 1162 ille
732 1124 775 1162 et
819 1121 1048 1162 abiecisset
1093 1121 1260 1162 codices
1305 1119 1497 1161 novellos
1544 1122 1586 1159 et
1632 1119 1826 1158 vetustos

123 1194 284 1248 ubique
323 1208 375 1235 ex
411 1193 638 1235 severioris
685 1193 791 1233 artis
836 1192 999 1247 regulis
1044 1194 1295 1245 tractasset,
1338 1190 1446 1231 nihil
1488 1201 1748 1244 magnopere
1783 1187 1827 1226 in

124 1265 216 1307 eius
249 1279 380 1320 opera
410 1263 688 1317 desiderares,
722 1278 829 1317 quae
864 1267 1008 1304 tamen
1036 1263 1101 1304 vel
1129 1263 1189 1303 sic
1217 1265 1259 1303 et
1285 1262 1450 1315 priores
1477 1274 1625 1301 omnes
1653 1260 1828 1312 superat

125 1339 168 1377 et
200 1336 472 1391 posteriores.

243 1407 409 1448 scilicet
441 1410 541 1460 post
574 1405 695 1446 illum
727 1420 813 1446 non
846 1420 1075 1461 progressa
1108 1407 1174 1445 est
1200 1404 1353 1444 harum
1381 1401 1665 1456 epistularum
1691 1412 1828 1440 emen-

127 1478 245 1520 datio
279 1492 387 1531 quae
421 1477 590 1531 quidem
625 1477 808 1530 pendeat
840 1492 891 1518 ex
924 1476 1154 1528 codicibus,
1187 1475 1259 1516 sed
1287 1488 1500 1528 regressa:
1533 1485 1681 1513 rursus
1707 1468 1827 1510 nullo

125 1549 241 1591 facto
275 1548 520 1590 discrimine
554 1547 881 1588 excutiebantur
913 1547 1080 1588 codices
1114 1545 1272 1586 novicii
1306 1544 1601 1596 editionesque
1634 1542 1828 1581 vetustae

128 1620 453 1676 augebaturque
475 1618 680 1659 confusio.
729 1618 947 1672 pertinent
966 1618 1050 1658 huc
1070 1616 1131 1658 Io.
1150 1616 1257 1668 Aug).
1281 1615 1458 1666 Ernesti,
1484 1613 1528 1653 T.
1549 1612 1598 1654 F.
1619 1611 1830 1661 Bemdict,

129 1691 194 1733 Al.
229 1689 640 1744 Martyni-Layuna,
682 1687 773 1741 alii,
812 1701 919 1740 quos
961 1701 1033 1740 per
1070 1685 1268 1726 homines
1306 1682 1532 1738 paullatim
1570 1696 1637 1722 res
1678 1694 1726 1720 eo
1766 1681 1832 1720 est

128 1763 309 1804 deducta
353 1763 402 1802 ut
438 1774 564 1801 nemo
603 1759 694 1800 sine
733 1772 893 1799 nausea
930 1759 1077 1811 posset
1114 1756 1192 1796 has
1233 1754 1440 1809 epistulas
1481 1753 1614 1793 adire:
1661 1754 1831 1791 tantum

127 1835 220 1874 erat
264 1846 380 1873 mare
425 1831 616 1872 diversae
665 1830 904 1883 scripturae
942 1828 1238 1880 undecumque
1278 1825 1494 1866 collectae.
1562 1836 1641 1863 nec
1679 1820 1832 1862 melior

128 1905 190 1946 rei
229 1903 405 1945 criticae
445 1901 639 1943 condicio
680 1902 723 1942 in
762 1914 920 1955 magna
952 1898 1134 1940 Schema·
1167 1897 1375 1949 editione,
1416 1893 1611 1949 quamvis
1643 1891 1832 1932 hominis

128 1975 286 2017 iudicio
325 1988 412 2015 non
451 1973 648 2015 carentis.
711 1971 886 2012 tandem
925 1972 1099 2011 exortus
1138 1971 1205 2009 est
1243 1967 1315 2022 qui
1357 1967 1495 2007 denuo
1533 1964 1709 2005 auderet
1742 1976 1831 2002 rem

126 2045 384 2101 praecidere,
416 2044 478 2086 Io.
507 2044 624 2097 Casp.
654 2042 802 2085 Orelli:
834 2042 870 2082 is
903 2041 947 2082 in
981 2039 1167 2081 editione
1200 2038 1343 2079 Turici
1377 2052 1412 2077 a.
1443 2035 1555 2076 1829
1589 2033 1746 2075 emissa
1777 2056 1830 2060 —

127 2117 354 2159 emendata
393 2131 442 2157 ea
474 2116 526 2157 ab
560 2115 638 2156 illo
672 2117 715 2156 et
747 2114 920 2154 Baitero
952 2127 987 2152 a.
1015 2111 1130 2152 1845
1163 2113 1228 2151 est
1262 2133 1316 2137 —
1349 2106 1530 2148 revertit
1563 2105 1613 2146 ad
1647 2102 1832 2144 Victorii

128 2188 388 2230 sententiam
427 2186 670 2240 abiecitque
708 2183 972 2240 farraginem
1010 2177 1132 2223 illam
1171 2176 1361 2232 omnem,
1404 2179 1555 2231 utpote
1594 2173 1834 2229 profectam

129 2273 180 2300 ex
219 2257 434 2312 corruptis
466 2256 647 2298 Medicei
687 2255 962 2310 apographis.
1022 2267 1099 2294 nec
1137 2251 1286 2306 negari
1324 2251 1471 2304 potest
1509 2246 1661 2288 utilem
1700 2243 1833 2285 fuisse

129 2333 173 2371 et
214 2327 490 2383 plausibilem
536 2326 686 2369 Orellii
731 2326 851 2367 illam
897 2339 1089 2379 operam:
1126 2322 1259 2364 verba
1303 2324 1351 2362 ut
1394 2320 1575 2361 hiabant
1621 2315 1835 2357 interdum

129 2402 173 2440 et
205 2399 493 2453 offendebant,
531 2399 594 2439 ita
626 2412 794 2439 summa
826 2397 871 2437 in
905 2411 948 2437 re
986 2397 1109 2436 erant
1142 2393 1339 2449 genuina.
1403 2403 1663 2444 quamquam
1698 2385 1833 2427 Orelli

131 2483 288 2524 magno
322 2483 450 2523 opere
483 2483 532 2511 eo
565 2469 760 2523 peccavit
793 2467 905 2522 quod
937 2469 1110 2520 praeter
1141 2464 1308 2506 codices
1337 2460 1531 2503 novicios
1564 2457 1722 2499 abiecit
1747 2470 1834 2497 non

131 2539 272 2580 solum
305 2538 568 2581 Graevianos
602 2554 763 2592 omnes,
804 2538 876 2579 sed
909 2537 1042 2578 etiam
1074 2535 1375 2576 Erfurtensem
1408 2530 1483 2587 (F)
1516 2533 1610 2570 tum
1648 2527 1835 2582 primum

132 2624 157 2650 a
192 2609 391 2651 Wundero
418 2613 706 2663 protractum:
739 2623 848 2663 quae
874 2609 989 2649 enim
1016 2609 1284 2648 commentus
1312 2607 1379 2645 est
1405 2605 1454 2643 ut
1480 2601 1610 2642 verba
1635 2597 1728 2652 XV,
1749 2599 1790 2652 2,
1809 2598 1835 2639 5

132 2679 212 2735 Cet
250 2683 392 2721 tamen
432 2680 748 2721 adulescentem
787 2677 962 2733 essem')
1002 2692 1026 2718 a
1058 2676 1279 2716 Wundero
1321 2689 1369 2715 ex
1403 2672 1436 2714 F
1472 2673 1585 2712 recte
1618 2667 1837 2710 vindicata

132 2751 176 2792 in
214 2750 562 2804 interpolationis
595 2750 883 2803 suspicionem
915 2750 1108 2800 vocaret,
1147 2761 1197 2787 ea
1228 2745 1401 2786 homine
1434 2744 1561 2784 docto
1595 2754 1680 2781 non
1712 2740 1837 2779 erant

132 2822 274 2877 digna.
324 2821 540 2876 persuasit
565 2823 710 2861 tamen
736 2834 833 2862 cum
860 2819 956 2860 aliis
985 2822 1078 2859 tum
1098 2817 1283 2870 Baitero,
1311 2815 1384 2870 qui
1411 2828 1507 2856 cum
1537 2826 1658 2853 suam
1681 2809 1833 2850 harum

133 2893 418 2947 epistularum
457 2891 688 2933 editionem
723 2906 756 2932 a.
789 2890 902 2931 1866
935 2887 1154 2930 emitteret
1187 2911 1241 2915 —
1275 2886 1397 2927 valde
1430 2884 1582 2926 utilem
1616 2879 1834 2934 ceteroqui

135 2978 228 3005 eam
262 2966 305 3005 et
336 2966 513 3018 propter
546 2976 699 3003 novam
726 2959 906 3002 Medicei
939 2959 1217 3000 collationem
1242 2960 1286 2999 et
1313 2957 1489 3011 propter
1515 2953 1692 2995 editoris
1720 2951 1764 2993 in
1790 2966 1834 2991 re

134 3035 285 3077 critica
309 3034 549 3075 factitanda
573 3033 827 3088 prudentem
856 3030 1135 3071 sobrietatem
1158 3054 1212 3058 —
1235 3026 1425 3082 opinioni
1454 3025 1516 3065 illi
1544 3027 1634 3065 tam
1652 3023 1836 3064 firmiter

135 3105 322 3147 inhaesit
352 3109 402 3146 ut
434 3104 689 3146 Harleianos
730 3102 896 3144 codices
928 3100 1042 3142 2773
1075 3102 1118 3142 et
1150 3100 1265 3141 2682
1300 3098 1384 3139 iam
1417 3111 1451 3137 a.
1482 3095 1594 3137 1839
1623 3093 1785 3136 Orellio
1813 3107 1838 3132 a

140 3175 217 3217 Th.
240 3176 406 3218 oehlero
435 3176 645 3217 indicatos
672 3174 754 3215 levi
783 3172 1098 3226 significatione
1125 3170 1473 3225 praetermittere
1499 3181 1585 3208 non
1606 3165 1836 3206 dubitaret.
