2242 3496
293 1159 312 1188 4

339 127 423 167 216
934 122 982 156 M.
1010 120 1149 154 TVLLI
1176 118 1426 154 CICERONIS

339 234 451 276 enim
486 259 537 262 -—
574 247 671 273 nam
711 234 756 271 tu
798 230 947 269 aberas
985 253 1032 256 —
1068 229 1242 267 nostros
1288 228 1448 268 amicos
1494 242 1646 282 cupere
1692 230 1872 284 bellum,
1917 230 2030 273 hunc

339 311 481 345 autem
524 319 609 344 non
654 305 742 341 tam
786 313 938 352 cupere
985 312 1114 350 quam
1157 311 1245 338 non
1289 298 1440 338 timere
1481 323 1533 327 —
1575 314 1677 354 ergo
1716 301 1820 342 haec
1860 301 2029 342 consilii

338 376 528 427 fuerunt,
570 372 733 424 reliqua
777 368 1017 410 necessaria
1053 392 1123 423 ——7
1167 368 1336 409 vincere
1382 371 1527 409 autem
1573 373 1647 410 aut
1690 370 1769 411 hos
1814 375 1889 412 aut
1930 372 2029 413 illos

339 459 509 486 necesse
544 457 645 483 esse.
707 441 794 481 scio
834 442 875 479 te
915 453 1082 497 semper
1120 453 1288 480 mecum
1322 439 1365 479 in
1397 439 1517 481 luctu
1548 439 1700 495 fuisse,
1743 456 1839 482 cum
1872 442 2030 484 videre-

340 531 432 556 mus
466 528 593 567 quom
628 511 731 551 illud
764 510 915 564 ingens
949 509 1128 563 malum,
1167 509 1343 550 alterius
1382 510 1521 551 utrius
1555 511 1766 553 exercitus
1800 516 1843 554 et
1876 514 2031 555 ducum

340 585 576 634 interitum,
619 585 710 622 tum
743 595 842 621 vero
877 582 1116 620 extremum
1149 580 1362 620 malorum
1401 581 1593 622 omnium
1626 596 1718 623 esse
1751 582 1889 624 civilis
1927 584 2031 625 belli

339 654 578 696 victoriam:
632 666 760 705 quam
806 651 979 704 quidem
1023 664 1102 705 ego
1149 650 1280 691 etiam
1326 651 1500 692 illorum
1546 651 1772 708 timebam,
1821 654 1872 694 ad
1924 669 2032 708 quos

339 738 588 766 veneramus
633 747 681 750 —
724 722 954 762 crudeliter
992 721 1104 762 enim
1147 721 1300 762 otiosis
1340 722 1635 778 minabantur,
1679 727 1857 778 eratque
1897 724 1958 765 eis
1991 727 2033 766 et

337 798 411 835 tua
442 794 580 834 invisa
612 793 810 834 voluntas
844 794 886 833 et
918 807 1012 833 mea
1044 793 1183 833 oratio
1216 809 1290 846 ——3
1336 808 1448 834 nunc
1480 808 1598 847 vero,
1639 794 1674 835 si
1714 797 1858 836 essent
1896 796 2033 836 nostri

339 865 478 920 potiti,
512 865 631 905 valde
658 864 995 918 intemperantes
1022 863 1218 917 fuissent,
1246 866 1369 905 erant
1395 865 1507 906 enim
1535 865 1661 906 nobis
1687 865 1879 921 perirati,
1911 867 2030 921 quasi

339 936 566 989 quicquam
600 934 650 975 de
682 937 833 975 nostra
866 935 1004 975 salute
1031 934 1380 989 decrevissemus,
1413 936 1527 989 quod
1558 951 1646 977 non
1677 936 1790 978 idem
1822 936 1910 978 illis
1944 952 2036 979 cen-

339 1006 588 1059 suissemus⁷
633 1008 707 1045 aut
746 1005 868 1059 quasi
906 1004 1056 1046 utilius
1094 1006 1156 1046 rei
1194 1021 1232 1060 p.
1265 1005 1397 1047 fuerit
1436 1021 1507 1047 eos
1549 1007 1680 1048 etiam
1713 1008 1764 1048 ad
1801 1008 2035 1050 bestiarum

338 1077 544 1117 auxilium
577 1075 809 1131 confugere
849 1090 977 1130 quam
1016 1076 1081 1117 vel
1113 1077 1255 1118 ‘emori
1294 1077 1359 1118 vel
1400 1092 1495 1118 cum
1537 1092 1630 1132 spe,
1675 1078 1711 1119 si
1743 1093 1828 1119 non
1862 1079 2038 1134 optima,

340 1150 384 1188 at
423 1146 567 1200 aliqua
604 1149 750 1187 tamen
787 1147 941 1188 vivere.
1006 1146 1066 1188 ‘at
1110 1147 1154 1188 in
1198 1148 1454 1202 perturbata
1498 1163 1541 1189 re
1586 1164 1624 1202 p.
1664 1149 1877 1191 vivimus'
1941 1150 2036 1204 quis

338 1218 499 1272 negat?
551 1217 623 1258 sed
650 1218 730 1259 hoe
763 1218 950 1259 viderint
983 1218 1032 1272 ei,
1067 1218 1140 1272 qui
1171 1219 1291 1260 nulla
1325 1219 1406 1259 sibi
1442 1219 1635 1260 subsidia
1669 1221 1721 1261 ad
1753 1220 1892 1261 omnis
1923 1221 2040 1263 vitae

341 1292 480 1329 status
518 1291 796 1343 paraverunt3
838 1289 920 1330 huc
960 1289 1074 1330 enim
1112 1293 1161 1331 ut
1200 1289 1406 1343 venirem,
1446 1290 1641 1344 superior
1679 1291 1869 1346 longius,
1912 1307 2039 1346 quam

340 1359 474 1414 volui,
511 1359 635 1400 fluxit
673 1360 830 1401 oratio:
873 1375 970 1401 cum
1011 1361 1125 1401 enim
1157 1364 1199 1402 te
1233 1376 1401 1415 semper
1435 1375 1638 1416 magnum
1676 1362 1896 1403 hominem
1928 1363 2040 1417 duxi,

340 1433 450 1480 tum,
497 1431 609 1484 quod
647 1430 715 1471 his
756 1431 1089 1485 tempestatibus
1129 1447 1173 1473 65
1212 1446 1345 1486 prope
1385 1433 1501 1473 solus
1540 1432 1584 1473 in
1623 1435 1752 1486 portu
1789 1433 2040 1489 fructusque

341 1502 560 1542 doctrinae
599 1501 784 1555 percipis
823 1516 916 1555 605,
958 1503 1030 1556 qui
1069 1503 1247 1544 maximi
1287 1506 1408 1559 sunt,
1448 1506 1497 1544 ut
1535 1518 1585 1544 ea
1626 1503 1868 1545 consideres
1908 1520 2040 1559 eaque

341 1575 513 1626 tractes,
547 1587 729 1626 quorum
763 1575 805 1613 et
838 1587 939 1614 usus
973 1576 1014 1614 et
1047 1574 1276 1615 delectatio
1311 1577 1376 1615 est
1409 1574 1608 1616 omnibus
1640 1574 1824 1616 istorum
1857 1579 1900 1616 et
1933 1576 2040 1617 actis

342 1646 385 1684 et
417 1642 714 1697 voluptatibus
748 1645 1056 1698 anteponenda.
1111 1645 1309 1699 equidem
1340 1646 1419 1686 hos
1452 1649 1551 1687 tuos
1577 1646 1919 1689 Tusculanenses
1952 1648 2041 1689 dies

343 1714 480 1755 instar
507 1729 597 1755 esse
624 1715 739 1755 vitae
765 1718 883 1768 puto⁷
915 1715 1184 1770 libenterque
1216 1717 1415 1758 omnibus
1443 1731 1589 1758 omnes
1618 1732 1719 1771 opes
1747 1719 2043 1772 concesserim,

344 1788 392 1825 ut
430 1785 535 1826 mihi
574 1785 703 1826 liceat
742 1785 782 1825 vi
820 1786 940 1827 nulla
978 1786 1281 1841 interpellante
1321 1788 1404 1829 isto
1444 1789 1568 1829 modo
1607 1788 1767 1830 vivere:
1813 1789 1926 1842 quod
1963 1804 2042 1830 nos

344 1870 512 1910 quoque
553 1856 790 1911 imitamur,
829 1860 877 1898 ut
915 1872 1162 1912 possumus,
1201 1862 1244 1900 et
1282 1859 1325 1899 in
1364 1859 1525 1900 nostris
1568 1859 1722 1900 studiis
1755 1859 2042 1901 libentissime

345 1926 705 1981 conquiescimus3
751 1928 845 1981 quis
886 1929 999 1969 enim
1037 1929 1118 1970 hoc
1156 1945 1242 1970 non
1280 1930 1443 1971 dederit
1480 1931 1625 1984 nobis,
1668 1933 1736 1985 ut,
1777 1945 1873 1971 eum
1914 1944 2044 1984 opera

344 2000 494 2038 nostra
531 1998 672 2051 patria
711 1999 798 2039 sive
836 2014 923 2040 non
958 2000 1098 2053 possit
1136 2000 1201 2041 uti
1239 2001 1328 2041 sive
1360 2001 1489 2056 nolit,
1527 2001 1579 2041 ad
1618 2015 1710 2042 eam
1742 2001 1876 2042 vitam
1908 2016 2044 2042 rever-

346 2069 504 2121 tamur,
544 2083 672 2122 quam
711 2070 837 2111 multi
876 2071 992 2112 docti
1029 2071 1244 2125 homines7
1284 2071 1470 2113 fortasse
1502 2087 1589 2113 non
1622 2075 1755 2127 recte,
1794 2072 1866 2112 sed
1900 2074 2045 2112 tamen

346 2138 471 2179 multi
511 2139 641 2180 etiam
674 2140 733 2181 rei
765 2157 803 2194 p.
837 2143 1183 2196 praeponendam
1223 2144 1512 2197 putaverunt?
1575 2158 1682 2197 quae
1723 2142 1860 2198 igitur
1902 2142 2045 2184 studia

327 2224 602 2265 ›magnorum
634 2211 858 2252 hominum
891 2213 1106 2253 sententia
1138 2212 1408 2254 vacationem
1440 2213 1602 2255 habent
1635 2214 1849 2268 quandam
1880 2213 2044 2268 publici

347 2281 552 2334 muneris,
592 2281 652 2322 eis
691 2284 948 2324 concedente
981 2298 1025 2324 re
1058 2300 1096 2338 p.
1130 2299 1204 2325 cur
1235 2299 1323 2325 non
1355 2285 1613 2326 abutamur?
1676 2285 1748 2326 sed
1786 2285 1882 2339 plus
1920 2284 2045 2339 facio,

348 2367 475 2405 quam
509 2350 713 2394 Caninius
747 2354 984 2410 mandavit3
1017 2355 1148 2409 †iure
1182 2355 1310 2410 enim⁷
1342 2355 1378 2396 si
1412 2356 1513 2409 quid
1546 2370 1626 2410 ego
1661 2355 1826 2409 scirem,
1858 2358 2045 2411 rogarat,

465 2508 495 2539 4,
525 2508 555 2539 5.
583 2504 785 2539 uiderimus
812 2507 856 2540 M
883 2509 894 2550 Η
923 2511 953 2541 5.
982 2508 1110 2553 quom]
1137 2520 1221 2542 cum
1247 2509 1467 2551 Lambinus,
1494 2519 1605 2552 quam
1635 2511 1674 2543 Ψ
1702 2512 1713 2552 ΙΙ
1746 2512 1776 2543 6,
1804 2508 1998 2542 interitum
2026 2519 2046 2545 ς

347 2556 378 2585 et
406 2552 532 2595 Klotz>7
563 2551 715 2586 interitu
746 2556 784 2587 Ψ
818 2555 828 2598 11
867 2558 897 2589 8,
926 2554 1072 2601 otiosis]
1107 2555 1236 2590 otiosis
1271 2555 1302 2589 si
1334 2557 1392 2599 M,
1430 2555 1646 2590 otiosissimi
1677 2557 1763 2591 HD.
1810 2554 2046 2590 otiosissimis

349 2599 493 2633 Krauss
519 2600 612 2642 (em.
643 2600 712 2634 Cic.
741 2601 807 2644 ep.7
833 2614 870 2645 p.
893 2604 961 2645 27).
1001 2603 1046 2645 cf.
1076 2604 1210 2638 Κῖοΐε2
1240 2606 1357 2646 praef.
1380 2616 1416 2647 p.
1438 2603 1501 2637 LV
1532 2605 1543 2647 Η
1579 2603 1647 2649 615]
1681 2602 1726 2637 115
1753 2604 1815 2644 Μ,
1851 2602 1909 2636 his
1936 2603 2037 2645 HD}

352 2649 402 2679 13.
430 2646 489 2679 vel
516 2646 645 2691 emori]
673 2647 769 2681 uelle
795 2648 889 2682 mori
919 2652 957 2683 Ψ
974 2651 984 2693 ΙΙ
1006 2651 1084 2694 spe]
1113 2662 1196 2695 spes
1221 2653 1259 2684 Ψ
1276 2652 1286 2695 ΙΙ
1309 2654 1361 2685 14.
1390 2652 1430 2684 at
1456 2651 1583 2694 aliqua
1610 2651 1663 2695 M,
1691 2651 1756 2684 aut
1782 2649 1910 2693 aliqua
1936 2649 2038 2692 HD}

352 2696 404 2726 15.
433 2692 480 2737 ei]
508 2693 537 2726 ii
562 2694 621 2737 M,
656 2694 694 2727 hi
721 2695 800 2728 HD
831 2698 842 2740 Η
878 2700 927 2730 17.
956 2698 992 2731 te
1019 2708 1163 2741 semper
1189 2699 1248 2741 M,
1283 2709 1427 2742 semper
1452 2699 1490 2731 te
1517 2698 1596 2732 HD
1627 2699 1637 2742 ΙΙ
1672 2701 1724 2732 17.
1754 2701 1806 2731 18.
1835 2695 1940 2740 duxi,
1967 2697 2046 2730 tum

350 2740 462 2783 quod]
497 2740 665 2774 duxerim
697 2742 796 2785 quod
825 2746 871 2777 Ψ.
918 2744 1101 2788 duxerim,
1136 2746 1215 2778 tum
1249 2744 1374 2790 <nunc
1400 2744 1649 2792 maximum>‚
1683 2745 1782 2788 quod
1808 2743 2047 2788 12Vesemlwr9j¹

351 2790 404 2820 21.
433 2788 517 2820 ante
538 2788 742 2831 ponendae.
777 2790 927 2833 quidem
948 2792 1001 2834 M,
1030 2793 1116 2826 ante
1136 2792 1317 2837 ponendo.
1352 2792 1524 2836 equidem
1547 2794 1592 2836 ll,
1621 2790 1911 2835 anteponendus,
1944 2790 2045 2834 equi-

352 2832 434 2866 dem
461 2835 498 2868 D
517 2836 527 2878 Η
548 2838 601 2869 29.
629 2836 818 2879 quandam
847 2838 1070 2881 &blm-dus,
1097 2839 1253 2873 eandem
1282 2842 1327 2874 Ψ.
1365 2842 1409 2882 cf.
1432 2841 1648 2874 Lachmann
1673 2839 1722 2873 ad
1748 2838 1856 2872 Lucr.
1877 2837 1927 2870 IV
1950 2841 2016 2871 116
2036 2838 2047 2884 l}

354 2883 407 2914 30.
435 2881 503 2922 6151
532 2881 576 2915 115
604 2883 657 2926 Μ,
685 2883 742 2918 his
764 2885 844 2919 HD
863 2886 873 2928 ΙΙ
895 2888 947 2919 31.
977 2885 1145 2920 caninius
1172 2887 1263 2930 HD,
1291 2887 1435 2921 animus
1457 2888 1506 2921 M
1525 2888 1536 2931 ΙΙ
1561 2886 1656 2931 iure]
1683 2885 1714 2919 is
1742 2886 1808 2928 122,
1835 2883 1898 2918 ille
1925 2885 2049 2928 Klotz,

352 2938 440 2969 pure
467 2929 620 2974 M'adm'y
647 2931 758 2973 (adv.
787 2932 881 2966 orit)
910 2932 961 2965 ΙΠ
983 2945 1020 2976 y).
1044 2936 1142 2977 162),
1180 2934 1378 2968 scriberem
1406 2935 1550 2968 Krauss
1576 2934 1612 2977 (l.
1639 2934 1694 2976 6.),
1720 2933 1821 2966 haud
1846 2932 1956 2974 male,
1983 2934 2048 2966 etsi

356 2976 470 3018 ipsum
495 2978 638 3011 verbmn
665 2979 813 3012 dubimn
840 2983 889 3012 est
917 2979 1118 3023 [mitterem
1147 2981 1211 3015 Fr.
1234 2982 1396 3027 Schoell]
1431 2981 1462 3015 is
1489 2979 1603 3023 enim,
1637 2979 1669 3013 si
1694 2978 1784 3023 quid
1810 2989 1878 3022 ego
1906 2978 2048 3022 scirem,

355 3021 452 3064 quod
484 3023 524 3055 tu
556 3024 732 3069 nescires,
774 3025 843 3071 <ut
875 3026 1101 3078 scriberem>
1136 3029 1288 3072 rogarat
1320 3029 1415 3063 Boot
1447 3029 1548 3073 (obs.
1582 3027 1676 3062 crz‘ts
1706 3038 1744 3071 p.
1769 3028 1836 3070 19).
1883 3029 1927 3069 cs.
1961 3038 2047 3061 amr.

355 3070 441 3112 phil.
469 3073 557 3103 1891
580 3082 616 3113 p.
639 3074 706 3104 338
727 3075 736 3115 Η
757 3071 888 3106 scirem
914 3073 1004 3116 HD,
1032 3084 1124 3107 seire
1151 3075 1200 3108 Μ

2057 883 2088 907 10

2059 1237 2091 1262 15

2062 1593 2095 1617 20

2063 1947 2097 1972 25

2065 2300 2099 2325 30
