2242 3496
442 157 522 198 162
1040 157 1088 193 Μ.
1115 158 1257 192 TVLLI
1284 157 1534 195 CICERONIS

438 266 602 320 ducere,
633 269 682 306 ut
714 281 811 307 eum
844 265 950 306 meis
985 266 1184 308 omnibus
1219 267 1373 308 studiis
1406 268 1625 309 beneficiis
1652 284 1782 323 quam
1813 270 2138 313 ornatissimum

434 336 609 377 domum
648 337 913 391 reducerem,
953 337 1043 390 sed,
1081 339 1234 391 postea
1272 352 1401 392 quam
1433 340 1476 379 et
1506 337 1686 394 Pompei
1726 341 2010 383 commoratio
2049 342 2138 383 diu-

434 407 603 448 turnior
647 409 761 460 erat,
807 421 936 461 quam
980 409 1202 462 putaram,
1251 411 1293 449 et
1336 423 1432 450 mea
1476 410 1685 464 quaedam
1729 411 1812 452 tibi
1856 426 1944 453 non
1986 412 2139 468 ignota

432 477 646 519 dubitatio
692 480 767 518 aut
815 478 1023 532 impedire
1072 479 1386 533 profectionem
1438 495 1577 522 meam
1626 481 1854 523 videbatur
1905 485 1980 524 aut
2023 485 2136 525 certe

432 549 622 602 tardare,
672 548 789 604 vide,
839 549 941 603 quid
986 550 1093 591 mihi
1138 551 1416 605 sumpserim:
1467 552 1587 606 coepi
1637 552 1745 594 velle
1790 568 1840 594 ea
1882 552 2135 595 Trebatium
2173 567 2190 593 5

432 621 678 673 exspectare
712 635 736 661 a
768 622 823 675 te,
856 635 963 675 quae
991 625 1208 676 sperasset
1241 637 1265 663 a
1297 637 1377 677 me,
1408 637 1546 677 neque
1579 623 1765 665 mercule
1798 623 1939 665 minus
1972 623 2011 665 ei
2041 639 2137 679 pro-

431 690 514 731 lixe
548 690 597 731 de
630 693 705 731 tua
736 691 961 734 voluntate
993 692 1185 747 promisi,
1219 708 1348 748 quam
1381 708 1499 735 eram
1532 694 1687 735 solitus
1720 694 1770 735 de
1803 710 1898 736 mea
1928 695 2135 749 polliceri.

384 776 402 801 ι
431 775 554 802 casus
595 776 696 803 vero
741 761 949 804 mirificus
992 764 1167 818 quidam
1204 764 1439 806 intervenit
1481 765 1603 819 quasi
1641 765 1708 807 vel
1747 765 1873 807 testis
1920 766 2134 820 opinionis

429 847 547 875 meae
586 834 653 875 vel
693 848 877 888 sponsor
914 835 1200 877 humanitatis
1241 838 1357 877 tuae:
1400 851 1520 890 nam,
1561 851 1658 878 cum
1698 837 1749 877 de
1786 836 1868 878 hoc
1909 837 2004 891 ipso
2036 836 2135 879 Tre—

388 920 389 923 *
428 904 549 946 batio
590 919 686 946 cum
725 904 864 947 Balbo
909 908 1059 947 nostro
1097 906 1297 960 loquerer
1342 906 1584 949 accuratius
1624 907 1740 948 domi
1782 897 1920 963 meae,
1961 907 2133 949 litterae
2154 923 2188 947 10

427 975 535 1016 mihi
567 975 724 1017 dantur
757 991 781 1017 a
812 978 867 1030 te,
902 976 1057 1030 quibus
1089 977 1134 1018 in
1168 978 1370 1019 extremis
1404 979 1615 1032 scriptum
1648 980 1757 1020 erat:
1789 977 1905 1032 †‘M.
1931 978 2133 1034 itfiuium,

429 1062 556 1101 quem
589 1047 695 1087 mihi
731 1047 1017 1102 commendas,
1049 1048 1117 1089 vel-
1151 1062 1298 1103 regem
1326 1048 1491 1090 Galliae
1527 1049 1697 1103 faciam,
1728 1049 1795 1090 vel
1830 1048 1944 1091 hunc
1970 1048 2133 1103 Leptae

428 1118 595 1173 delega,
635 1117 672 1158 si
710 1118 786 1160 vis.
848 1122 897 1160 tu
928 1119 981 1159 ad
1013 1134 1080 1160 me
1113 1118 1246 1159 alium
1285 1119 1429 1174 mitte,
1472 1135 1599 1174 quem
1639 1119 1815 1162 ornem.'
1877 1119 2132 1162 sustulimus

428 1203 579 1230 manus
619 1192 662 1230 et
700 1204 779 1245 ego
820 1193 862 1231 et
894 1189 1074 1231 Balbus:
1112 1192 1235 1231 tanta
1272 1190 1356 1231 fuit
1395 1191 1717 1245 opportunitas,
1755 1193 1805 1232 ut
1842 1189 1949 1232 illud
1986 1191 2131 1233 nescio

429 1260 531 1314 quid
573 1275 661 1302 non
703 1260 954 1316 fortuitum,
1000 1261 1073 1302 sed
1118 1261 1311 1302 divinum
1355 1262 1582 1304 videretur.
1650 1262 1778 1303 mitto
1823 1262 1960 1317 igitur
1999 1262 2053 1303 ad
2091 1264 2134 1304 te
2155 1276 2189 1302 15

427 1331 680 1372 Trebatium
713 1334 843 1386 atque
875 1332 938 1373 ita
976 1332 1124 1386 mitto,
1163 1336 1212 1373 ut
1248 1333 1374 1374 initio
1414 1349 1508 1375 mea
1547 1336 1720 1388 sponte,
1759 1336 1860 1388 post
1899 1335 2045 1375 autem
2075 1333 2138 1374 in-

427 1402 569 1443 vitatu
606 1405 680 1444 tuo
721 1403 981 1445 mittendum
1014 1404 1218 1445 duxerim.
1282 1404 1414 1459 hunc,
1453 1405 1512 1445 mi
1545 1404 1722 1459 Caesar,
1762 1404 1824 1446 sic
1855 1404 1986 1446 velim
2019 1404 2137 1446 omni

426 1477 501 1515 tua
534 1474 738 1515 comitate
772 1475 1073 1530 complectare,
1103 1477 1153 1516 ut
1186 1475 1342 1530 omnia,
1376 1490 1484 1530 quae
1517 1490 1594 1530 per
1626 1490 1693 1516 me
1726 1475 1869 1530 possis
1903 1475 2055 1517 adduci
2086 1478 2136 1516 ut

425 1545 471 1586 in
502 1560 621 1587 meos
656 1545 849 1587 conferre
882 1546 1001 1601 velis,
1034 1546 1078 1587 in
1109 1561 1243 1587 unum
1268 1546 1382 1588 hunc
1413 1546 1628 1601 conferas3
1663 1547 1712 1588 de
1740 1561 1825 1601 quo
1852 1546 1936 1588 tibi
1960 1546 2136 1588 homine

426 1616 531 1658 haec
577 1618 789 1672 spondeo,
831 1632 919 1658 non
955 1617 1213 1663 illo,vetere
1258 1618 1389 1659 verbo
1434 1632 1552 1673 meo,
1597 1618 1733 1673 quod,
1778 1633 1874 1659 cum
1913 1618 1966 1659 ad
2003 1619 2046 1658 te
2084 1617 2134 1658 de
2156 1631 2190 1657 20

426 1687 588 1730 Milone
627 1688 915 1743 scripsissem,
951 1688 1044 1729 iure
1083 1688 1247 1743 lusisti,
1289 1689 1361 1730 sed
1402 1703 1520 1730 more
1553 1688 1770 1742 Romano,
1809 1688 2024 1743 quomodo
2061 1687 2136 1729 ho-

427 1759 564 1801 mines
601 1775 690 1801 non
720 1759 858 1814 inepti
895 1760 1113 1814 locuntur,
1154 1759 1403 1814 probiorem
1440 1759 1684 1815 hominem,
1720 1760 1944 1802 meliorem
1981 1759 2135 1815 virum,

425 1830 727 1885 pudentiorem
764 1846 857 1872 esse
888 1831 1122 1885 neminem3
1162 1831 1328 1873 accedit
1361 1831 1511 1886 etiam,
1550 1831 1663 1886 quod
1695 1831 1907 1872 familiam
1939 1830 2058 1873 ducit
2089 1830 2135 1871 in

426 1902 518 1944 iure
564 1902 679 1944 civili
725 1902 935 1958 singulari
981 1902 1208 1956 memoria,
1255 1917 1424 1943 summa
1468 1902 1658 1944 scientia.
1726 1902 1827 1943 huic
1872 1916 1952 1958 ego
1995 1915 2133 1957 neque

426 1973 698 2015 tribunatum
728 1988 866 2028 neque
895 1973 1212 2028 praefecturam
1238 1988 1377 2027 neque
1403 1973 1533 2014 ullius
1560 1973 1758 2014 beneficii
1784 1976 1950 2015 certum
1975 1986 2133 2014 nomen
2152 1986 2187 2012 25
2223 2010 2242 2035 ,i

425 2048 546 2099 peto,
590 2045 937 2086 benevolentiam
983 2047 1103 2085 tuam
1146 2048 1188 2085 et
1233 2044 1543 2085 liberalitatem
1586 2046 1707 2099 peto,
1750 2059 1889 2099 neque
1933 2044 2132 2099 impedio,
2238 2039 2242 2054 ¹

427 2131 510 2171 quo
544 2116 706 2171 minus,
744 2117 779 2157 si
817 2116 900 2157 tibi
938 2116 1001 2157 ita
1032 2115 1262 2170 placuerit,
1305 2115 1437 2156 etiam
1475 2115 1593 2157 hisce
1627 2130 1725 2156 eum
1757 2130 1882 2157 ornes
1921 2115 2132 2170 gloriolae

425 2188 687 2243 insignibus,
726 2190 869 2228 totum
902 2187 1082 2241 denique
1121 2186 1342 2228 hominem
1374 2185 1457 2227 tibi
1488 2186 1552 2227 ita
1583 2187 1726 2241 trado,
1769 2185 1841 2227 ede
1874 2186 2045 2242 manu',
2083 2189 2132 2228 ut

427 2259 565 2313 aiunt,
610 2259 677 2299 ein
720 2257 916 2300 manum’
963 2260 1083 2299 tuam
1126 2258 1258 2298 istam
1299 2260 1342 2299 et
1383 2256 1568 2299 victoria
1606 2260 1650 2298 et
1689 2257 1773 2298 fide
1816 2259 2130 2312 praestantem,

426 2329 560 2371 simus
594 2330 707 2371 enim
738 2329 1037 2385 putidiusculi,
1075 2329 1247 2383 †quam
1278 2343 1354 2383 per
1386 2331 1429 2370 te
1461 2329 1532 2370 vix
1563 2329 1685 2380 licet3
1717 2343 1884 2383 verum,
1914 2331 1963 2370 ut
1994 2328 2128 2384 video,
2148 2341 2183 2367 30

424 2401 583 2443 licebit.
646 2415 765 2455 cura,
796 2403 845 2441 ut
877 2400 1038 2454 valeas,
1071 2402 1115 2441 et
1148 2414 1234 2454 me,
1265 2402 1314 2440 ut
1347 2414 1486 2455 amas,
1517 2415 1624 2441 ama.

545 2558 575 2588 1.
603 2552 695 2587 meis
721 2564 787 2588 om.
817 2553 887 2587 GR
918 2554 929 2596 11
960 2556 992 2587 2.
1018 2551 1168 2597 pompei
1194 2552 1254 2596 M,
1292 2551 1465 2597 pompeio
1493 2552 1564 2587 GR
1591 2554 1602 2597 ΙΙ
1631 2556 1662 2586 3.
1690 2552 1784 2598 erat]
1813 2552 1859 2595 ef.
1886 2551 2056 2597 Wo'lfflz'n
2080 2551 2130 2587 ad

428 2601 504 2636 bell.
532 2601 616 2644 Afr.
646 2604 699 2644 78,
722 2605 740 2635 3
762 2603 772 2643 ΙΙ
791 2601 963 2644 putarem
992 2600 1025 2635 G
1043 2601 1054 2644 ΙΙ
1074 2603 1106 2635 4.
1133 2599 1401 2644 profectionem
1424 2621 1464 2624 —
1488 2602 1518 2635 5.
1545 2599 1696 2634 tardare
1722 2611 1787 2634 om.
1814 2599 1852 2634 R
1871 2601 1882 2643 ΙΙ
1902 2603 1933 2634 6.
1961 2600 2128 2644 spectare

427 2649 497 2683 GR
528 2650 539 2693 ΙΙ
571 2649 757 2693 sperasset
781 2648 817 2682 R
844 2648 956 2691 (Mr),
993 2658 1119 2692 speras
1152 2647 1216 2681 sed
1243 2648 1322 2682 MG
1353 2648 1364 2690 ΙΙ
1395 2646 1605 2681 mehercule
1640 2647 1711 2682 GR
1742 2649 1753 2692 ΙΙ
1784 2649 1816 2681 8.
1844 2645 1997 2690 quidam
2027 2645 2127 2679 miri-

425 2696 515 2730 ficus
541 2696 578 2730 R
609 2697 620 2739 11
653 2699 707 2730 11.
736 2695 873 2729 dantur
904 2694 998 2728 mihi
1025 2696 1057 2729 G
1088 2697 1099 2740 ΙΙ
1130 2694 1291 2728 itfiuium
1317 2695 1377 2738 M,
1413 2694 1583 2728 idfinium
1607 2694 1662 2738 R,
1696 2693 1745 2729 id.
1772 2693 1902 2728 funum
1928 2694 1970 2728 G.
2009 2693 2128 2737 plebei

426 2744 585 2778 alicuius
615 2744 770 2777 hominis
801 2754 929 2777 nomen
962 2743 1064 2785 latet,
1095 2743 1190 2777 velut
1214 2741 1284 2776 Itei
1309 2742 1536 2786 (W‘ilmanns
1562 2754 1615 2777 eoe.
1641 2753 1676 2776 n.
1704 2741 1810 2785 2017)
1840 2742 1852 2785 Π
1883 2743 1937 2775 12.
1964 2739 2063 2774 hunc
2083 2761 2125 2765 —

429 2793 481 2825 13.
509 2790 565 2824 vis
592 2794 775 2835 corrupta.
814 2789 912 2834 lepte
943 2789 1030 2834 GR,
1064 2801 1150 2823 suus
1172 2800 1242 2833 pro
1269 2788 1300 2822 si
1325 2788 1382 2823 vis
1412 2790 1454 2824 G.
1500 2790 1544 2832 cf.
1573 2801 1662 2834 quae
1687 2790 1730 2823 de
1754 2789 1787 2822 h.
1815 2789 1837 2822 l.
1863 2789 2014 2832 exposui
2038 2799 2124 2822 ann.

422 2838 549 2880 philol.
578 2840 668 2871 1886
690 2849 729 2881 1).
751 2840 794 2871 68
809 2848 858 2881 sq.
885 2842 1014 2871 veteres
1044 2838 1269 2871 coniecturae
1301 2838 1373 2881 (ap.
1403 2837 1600 2872 G'raevium
1625 2840 1657 2870 et
1682 2836 1887 2877 Baitai-um)
1920 2838 2028 2878 aptae
2052 2846 2127 2869 mm

427 2888 511 2918 sunt
529 2886 540 2928 Η
562 2888 615 2919 15.
631 2884 721 2928 quid
737 2896 768 2927 ς,
789 2883 888 2928 quod
904 2885 937 2917 ,Ω
956 2885 967 2927 [Ι
988 2887 1041 2919 18.
1058 2883 1285 2928 amplectare
1300 2885 1332 2919 G
1352 2886 1362 2929 ΙΙ
1382 2883 1507 2917 omnia
1527 2894 1622 2928 quae
1636 2894 1702 2918 om.
1722 2881 1754 2916 G
1773 2882 1785 2926 ΙΙ
1804 2884 1859 2916 20.
1871 2881 1964 2915 haec
1978 2881 2125 2925 MR&

428 2930 497 2964 hoe
524 2932 583 2966 Gl.
629 2933 673 2974 cf.
701 2932 891 2966 Lehmann
912 2942 950 2975 2).
973 2934 1016 2964 76
1028 2943 1078 2976 sq.
1111 2933 1121 2975 ΙΙ
1154 2931 1202 2965 ad
1227 2932 1263 2965 te
1290 2943 1355 2967 om.
1384 2932 1414 2965 G
1447 2932 1457 2975 ΙΙ
1489 2934 1544 2966 21.
1572 2928 1762 2973 scripsisse
1787 2928 1836 2962 M
1861 2929 1872 2973 ΙΙ
1904 2932 1959 2963 23.
1985 2928 2125 2973 puden-

428 2977 560 3011 tiorem
604 2979 666 3022 Μ,
710 2978 989 3022 prudentiorem
1033 2979 1123 3022 GR,
1169 2979 1256 3022 pud.
1303 2978 1520 3025 (amicum)
1565 2977 1776 3020 lVesenberq
1820 2976 1832 3020 Η
1878 2974 1993 3010 etiam
2030 2976 2123 3020 MR,

429 3026 553 3057 autem
582 3025 718 3069 G1124.
747 3024 927 3070 singulari
957 3026 1038 3069 GR,
1067 3025 1267 3070 singularis
1293 3026 1343 3060 M
1363 3028 1373 3070 ΙΙ
1403 3029 1458 3060 25.
1485 3023 1598 3058 ullius
1623 3023 1684 3066 M,
1709 3022 1811 3056 illius
1836 3023 1889 3066 R,
1916 3022 2033 3057 ullam
2061 3024 2095 3058 G
2112 3024 2125 3065 Η

430 3074 484 3104 25.
512 3075 565 3105 29.
593 3074 635 3105 ut
661 3072 780 3118 aiunt]
808 3085 838 3107 v.
870 3073 950 3107 Otto
979 3073 1258 3116 ‘Sprichwo'rter
1283 3075 1317 3108 d.
1343 3072 1496 3107 Romo*
1528 3083 1567 3116 p.
1589 3073 1667 3114 ⁴310,
1690 3073 1709 3103 6
1741 3071 1752 3114 ΙΙ
1785 3073 1839 3105 29.
1866 3071 1933 3104 tua
1957 3069 2033 3104 ista
2056 3070 2094 3105 R
2111 3069 2125 3117 ΙΙ

429 3116 587 3152 uictoria
607 3119 644 3152 et
658 3119 749 3163 MR,
771 3119 968 3154 uictoriam
988 3118 1032 3153 de
1051 3119 1083 3154 G
1102 3120 1113 3164 Η
1133 3123 1187 3153 30.
1205 3119 1335 3166 simus]
1358 3130 1482 3153 sumus
1498 3129 1530 3161 ς,
1549 3119 1612 3152 2517oe
1631 3121 1720 3152 recte
1739 3119 1750 3162 Η
1770 3116 2015 3162 putidiusculi
2029 3117 2121 3164 MR,
