2242 3496
328 1760 347 1788 [3

383 136 467 175 258
982 132 1028 165 M.
1056 129 1197 163 TVLLI
1223 128 1475 163 CICERONIS

382 243 500 296 prius
539 255 689 282 nocere
726 240 888 292 potest,
930 251 1055 289 quam
1097 236 1197 276 sciri
1236 236 1460 290 curarique
1500 237 1650 290 possit.
1713 237 1783 278 sed
1824 241 1954 291 certe,
1992 238 2074 279 nisi

382 328 465 352 0110
505 313 597 352 loco
637 325 701 350 me
742 312 948 359 tenerem,
990 320 1195 361 magnum
1234 306 1473 360 periculum
1505 307 1595 361 ipse
1628 306 1833 362 Lepidus,
1872 323 2076 364 magnum

383 398 431 421 ea
463 396 559 435 pars
593 379 801 420 exercitus
830 377 980 430 adiret,
1013 392 1121 431 quae
1154 377 1261 417 bene
1295 378 1344 417 de
1378 391 1422 417 re
1455 392 1493 431 p.
1527 378 1677 433 sentit,
1710 393 1913 434 magnam
1945 380 2077 421 etiam

381 451 533 504 perditi
568 449 715 490 hostes
749 447 1035 488 accessionem
1076 446 1159 488 sibi
1198 447 1419 501 fecissent,
1461 448 1497 489 si
1536 463 1640 503 quas
1680 450 1824 504 copias
1858 464 1882 490 a
1913 448 2076 504 Lepido

381 520 711 562 abstraxissent:
763 533 868 572 quae
915 518 951 558 si
997 518 1202 559 adventus
1250 533 1369 559 meus
1415 520 1689 575 represserit,
1741 534 1868 575 agam
1913 521 2076 576 gratias
2114 535 2130 559 5

379 592 576 632 fortunae
610 588 964 642 constantiaeque
998 603 1127 644 meae,
1162 604 1269 643 quae
1302 604 1369 630 me
1403 589 1453 630 ad
1486 589 1596 632 hanc
1630 591 1937 645 experientiam
1970 591 2078 633 exci-

335 688 340 695 .
380 662 498 702 tavit.
550 660 694 714 itaque
723 674 756 700 a.
784 660 819 700 d.
850 672 908 700 xv
938 659 987 700 K.
1015 659 1106 700 Iun.
1140 660 1193 700 ab
1226 659 1348 702 Isara
1380 663 1523 702 castra
1554 661 1687 715 movi,
1718 664 1894 715 pontem
1921 664 2077 709 tamen,

380 747 504 785 quem
537 732 580 771 in
613 730 732 770 Isara
772 730 976 785 feceram,
1017 731 1208 772 castellis
1247 732 1414 773 duobus
1454 731 1506 772 ad
1545 731 1688 785 capita
1728 733 1884 786 positis
1923 732 2078 787 reliqui

377 802 674 856 praesidiaque
714 801 774 841 ibi
814 802 938 842 firma
979 803 1122 856 posui,
1163 806 1212 843 ut
1251 803 1443 844 venienti
1480 801 1616 843 Bruto
1660 803 1948 858 exercituique
1986 803 2077 845 eius

378 873 467 914 sine
512 888 632 913 mora
678 872 887 914 transitus
939 875 1052 914 esset
1095 877 1284 927 paratus.
1352 874 1462 928 ipse,
1511 876 1561 914 ut
1606 888 1748 928 sperO,
1798 874 1947 915 diebus
1981 886 2132 929 VI11,10

378 944 531 998 quibus
563 943 640 983 has
674 943 844 984 litteras
877 943 1044 999 dabam,
1078 959 1174 986 cum
1206 944 1357 999 Lepidi
1391 945 1526 1000 copiis
1560 960 1627 986 me
1660 945 1929 1001 coniungam.

1070 1062 1185 1105 XIX.
1237 1061 1378 1120 (405.)

980 1155 1192 1200 CICERO
1226 1156 1473 1200 PLANCO.

497 1252 767 1306 Quamquam
800 1252 1039 1306 gratiarum
1070 1253 1283 1294 actionem
1318 1268 1342 1294 a
1374 1255 1416 1294 te
1448 1267 1535 1294 0011
1567 1253 1875 1307 desiderabam,
1907 1268 2004 1294 cum
2037 1256 2080 1294 te

375 1338 418 1363 re
452 1323 545 1377 ipsa
578 1325 705 1377 atque
739 1323 883 1364 animo
923 1323 1076 1365 scirem
1110 1338 1202 1365 esse
1236 1323 1549 1380 gratissimum,
1591 1327 1737 1366 tamen
1767 1349 1826 1354 ——
1857 1324 2078 1365 fatendum
2104 1341 2135 1364 15

375 1397 440 1435 est
473 1395 586 1435 enim
613 1419 671 1423 —
697 1394 780 1435 fuit
813 1410 862 1435 ea
895 1395 1000 1435 mihi
1033 1395 1315 1449 periucunda,
1351 1395 1412 1437 sic
1445 1395 1558 1436 enim
1592 1396 1690 1450 vidi,
1723 1395 1845 1450 quasi
1878 1410 1939 1449 ea,
1972 1409 2079 1449 quae

376 1465 510 1506 oeulis
557 1468 811 1519 cernuntur,
855 1481 922 1506 me
968 1481 992 1506 a
1036 1469 1078 1507 te
1124 1465 1269 1507 amari.
1333 1466 1469 1508 dices:
1513 1466 1639 1520 equid
1684 1466 1861 1508 antea?'
1912 1481 2080 1521 semper

376 1536 591 1590 equidem,
624 1537 697 1577 sed
729 1552 965 1590 numquam
997 1537 1238 1578 inlustrius.
1303 1538 1475 1578 litterae
1508 1541 1607 1578 tuae
1639 1537 1898 1579 mirabiliter
1929 1540 2079 1592 gratae

375 1610 475 1648 sunt
503 1607 671 1648 senatui
694 1632 748 1636 —
771 1622 867 1648 cum
896 1609 1022 1649 rebus
1049 1608 1169 1663 ipsis,
1200 1623 1307 1662 quae
1335 1611 1458 1649 erant
1485 1608 1767 1663 gravissimae
1794 1611 1837 1649 et
1856 1608 2079 1662 maximae,

374 1678 603 1719 fortissimi
646 1679 777 1719 animi
823 1679 1064 1733 summique
1109 1679 1296 1734 consilii,
1341 1682 1434 1720 tum
1477 1680 1609 1720 etiam
1653 1679 1869 1734 gravitate
1914 1682 2079 1721 senten-
2099 1694 2133 1718 20

376 1749 535 1789 tiarum
569 1751 697 1803 atque
724 1750 965 1791 verborum.
1023 1750 1110 1805 sed,
1141 1751 1200 1791 mi
1227 1750 1397 1804 Plance,
1429 1750 1641 1804 incumbe,
1672 1753 1721 1791 ut
1754 1750 1854 1791 belli
1888 1753 2080 1791 extrema

377 1820 594 1874 perficias:
638 1820 683 1861 in
726 1820 809 1862 hoe
855 1820 938 1862 erit
982 1837 1150 1863 summa
1195 1825 1237 1862 et
1282 1822 1424 1877 gratia
1466 1824 1509 1862 et
1550 1821 1698 1876 gloria.
1763 1821 1888 1876 cupio
1934 1821 2079 1863 omnia

376 1892 436 1932 rei
463 1907 501 1945 p.
530 1907 677 1946 causa3
710 1892 783 1933 sed
815 1892 1081 1933 mehercules
1114 1893 1158 1933 in
1191 1907 1239 1933 ea
1273 1892 1565 1934 conservanda
1591 1893 1677 1933 iam
1703 1891 1965 1947 defetigatus
1992 1906 2079 1933 non

375 1962 512 2002 multo
544 1963 641 2016 plus
674 1963 841 2017 patriae
874 1963 997 2004 faveo
1031 1978 1158 2017 quam
1187 1966 1285 2004 tuae
1319 1962 1500 2017 gloriae,
1532 1963 1652 2004 cuius
1685 1963 1918 2004 maximam
1949 1963 2079 2004 facul-

375 2036 507 2074 tatem
552 2033 633 2074 tibi
679 2034 738 2074 dii
781 2033 1069 2087 immortales,
1113 2035 1160 2073 ut
1202 2047 1345 2087 spero,
1390 2034 1559 2087 dedere,
1605 2048 1734 2087 quam
1778 2034 2076 2088 complectere,
2097 2049 2130 2073 25

376 2118 571 2157 opsecro3
605 2105 677 2158 qui
705 2105 820 2145 enim
846 2105 1086 2146 Antonium
1115 2104 1393 2158 oppresserit,
1419 2104 1455 2145 is
1482 2105 1564 2145 1100
1591 2105 1751 2146 bellum
1779 2105 2078 2145 taeterrimum

375 2175 872 2230 periculosissimumque
906 2175 1150 2217 confecerit.

1086 2293 1178 2335 XX.
1229 2292 1364 2350 (406.)

985 2387 1192 2429 elenae
1225 2387 1470 2430 PLANCO.

498 2484 563 2525 Ita
595 2487 718 2524 erant
751 2484 908 2538 omnia,
942 2498 1049 2537 quae
1080 2483 1201 2524 istim
1234 2483 1556 2537 adferebantur,
1587 2483 1765 2537 ineerta,
1796 2486 1856 2538 ut,
1889 2483 1991 2537 quid
2024 2483 2075 2524 ad
2095 2498 2130 2522 30

378 2557 419 2593 te
447 2554 691 2609 scriberem,
722 2570 808 2596 000
836 2557 1098 2609 occurreret,
1130 2555 1257 2596 modo
1285 2555 1409 2608 enim,
1441 2569 1550 2609 quae
1578 2554 1794 2607 vellemus,
1826 2555 1876 2595 de
1903 2553 2077 2608 Lepido,

378 2626 501 2666 modo
536 2628 686 2666 contra
716 2627 1048 2680 nuntiabantur3
1086 2626 1136 2667 de
1168 2628 1211 2666 te
1245 2628 1389 2666 tamen
1426 2625 1542 2666 fama
1575 2627 1794 2679 constans,
1830 2639 1908 2666 nec
1939 2625 2076 2678 decipi

495 2756 525 2787 1.
552 2752 640 2798 nisi]
674 2753 705 2787 si
731 2754 927 2788 Manutius
959 2759 991 2788 et
1017 2754 1171 2800 Madvig]
1206 2754 1317 2798 Gadis.
1345 2754 1439 2788 crit)
1468 2753 1519 2787 III
1539 2765 1578 2798 p.
1601 2755 1693 2798 163).
1744 2753 1911 2787 Rutilius
1941 2756 2076 2786 retento

379 2799 448 2832 nisi
470 2812 538 2843 pro
565 2811 621 2834 me
648 2802 812 2834 tenerem
838 2802 976 2836 volebat
1000 2803 1225 2835 metaremur
1262 2802 1273 2845 ΙΙ
1311 2804 1341 2836 6.
1368 2811 1474 2835 meae
1501 2812 1596 2844 quae
1622 2812 1679 2835 me
1706 2800 1763 2843 H,
1797 2809 1976 2842 meaeque
2002 2799 2051 2833 M
2066 2800 2077 2845 Η

380 2849 408 2879 7.
436 2859 481 2879 xv
507 2848 596 2881 MH
620 2850 665 2891 (x,
693 2860 726 2882 0.
756 2849 837 2893 M),
875 2860 925 2881 ΧΠ
952 2860 971 2885 ς
1009 2851 1020 2891 Η
1057 2850 1181 2883 eastra
1215 2847 1316 2882 100111
1348 2849 1408 2892 M,
1447 2847 1549 2882 moui
1587 2849 1710 2882 eastra
1740 2847 1784 2881 H
1817 2847 1828 2890 Η
1866 2850 1896 2880 8.
1931 2846 2075 2880 duobus

379 2904 441 2926 mm.
471 2894 509 2926 H
528 2896 538 2938 ΙΙ
561 2898 614 2929 10.
641 2895 802 2928 transitu
828 2896 876 2929 M
891 2896 902 2939 Η
928 2899 982 2930 18.
1009 2907 1212 2939 numquam
1238 2896 1315 2939 Ille,
1341 2901 1382 2930 ut
1406 2897 1492 2938 vid„
1519 2907 1561 2930 ea:
1586 2906 1700 2928 unum
1726 2904 1838 2937 quam
1857 2895 1868 2937 ΙΙ
1890 2896 1944 2928 19.
1972 2893 2074 2938 sunt]

378 2939 525 2974 fuerunt
549 2943 616 2975 alii
642 2943 652 2985 11
678 2942 837 2976 maxime
863 2942 953 2976 MH
975 2945 986 2985 ΙΙ
1015 2947 1069 2978 20,
1097 2943 1323 2987 grauitatem
1348 2943 1397 2976 M
1421 2944 1432 2987 ΙΙ
1463 2946 1518 2977 21.
1544 2941 1635 2975 belli
1661 2942 1727 2976 del.
1755 2940 1882 2985 Kleyn
1910 2943 1963 2984 (p.
1985 2942 2044 2985 44)
2065 2944 2076 2987 3}

378 2989 432 3019 23.
461 2988 669 3022 mehercule
695 2989 960 3032 conseruanda,
988 3002 1053 3024 om.
1075 2990 1113 3023 in
1134 3002 1187 3034 ea,
1210 2990 1254 3023 H
1269 2991 1280 3034 ΙΙ
1300 2993 1353 3024 25.
1382 2988 1603 3023 immortalis
1627 2989 1672 3022 M
1690 2989 1701 3032 Η
1721 2987 1871 3033 dedere]
1894 2988 2076 3022 dederunt

381 3032 501 3067 Orelli.
529 3036 573 3077 ef.
601 3036 701 3070 Neue
727 3037 784 3069 ΙΙ2
805 3049 842 3080 1).
865 3040 933 3070 390
965 3038 976 3081 Η
1008 3041 1062 3071 30.
1090 3037 1192 3071 istim
1218 3037 1266 3070 M
1290 3036 1414 3080 (istinc
1441 3038 1481 3070 1ἶο
1506 3047 1573 3080 my.
1602 3030 1690 3080 1110),
1723 3033 1805 3068 istis
1832 3034 1873 3068 H
1903 3036 1914 3079 Η
1946 3038 2001 3070 32.
2030 3035 2075 3070 de

381 3081 417 3113 te
444 3081 521 3125 cet]
549 3094 621 3115 11011.
647 3087 723 3116 emt
749 3095 814 3117 cur
842 3085 877 3117 ἰν]
905 3088 1089 3118 structura
1114 3085 1273 3118 haereret
1300 3084 1431 3118 Baiter
