2242 3496
437 164 518 205 146
1034 160 1081 194 Μ.
1110 159 1251 193 TVLLI
1277 158 1527 195 CICERONIS

434 286 526 313 mas
559 271 723 327 gratias
757 283 901 324 agere:
932 267 1038 309 haec
1069 267 1334 322 praedicatio
1361 271 1437 309 tua
1463 267 1570 308 mihi
1595 269 1716 310 valde
1744 272 1869 324 grata
1901 272 1967 311 est
1999 283 2132 324 eaque

432 346 475 384 te
507 343 572 384 uti
610 342 736 383 facile
774 339 935 394 patior,
978 352 1075 379 cum
1113 338 1226 392 apud
1264 339 1391 393 alios,
1429 341 1522 379 tum
1562 340 1747 381 mercule
1780 340 1891 394 apud
1926 339 2134 394 Sironem,

432 416 629 455 nostrum
675 410 882 464 amicum,
933 424 1042 463 quae
1088 409 1203 451 enim
1246 408 1451 464 facimus,
1501 424 1551 450 ea
1594 411 1931 464 prudentissimo
1983 411 2134 466 cuique

433 484 617 525 maxime
650 481 836 536 probata
867 494 960 522 esse
992 481 1202 522 volumus.
1266 483 1309 522 te
1342 480 1467 535 cupio
1500 481 1643 522 videre
1676 496 1804 535 quam
1837 482 2035 536 primum.

1140 645 1235 688 XII.
1287 645 1424 703 (234.)
2173 664 2188 689 ⁵

986 739 1200 783 CICERO
1236 741 1422 783 AMPIO
1462 740 1499 782 s
1534 740 1578 781 P.

552 835 758 878 Gratulor
790 835 885 891 tibi,
916 835 975 877 mi
1008 835 1155 891 Balbe,
1188 851 1370 891 vereque
1398 835 1594 892 gratulor
1618 850 1696 877 nec
1723 850 1818 876 sum
1845 838 1935 877 tam
1963 837 2136 891 stultus,

429 910 478 949 ut
510 910 553 949 te
584 922 717 949 usura
748 907 848 949 falsi
881 907 1028 963 gaudii
1059 907 1145 948 frui
1177 908 1317 962 velim,
1350 907 1500 949 deinde
1533 906 1676 962 frangi
1705 909 1881 962 repente
1914 910 2041 962 atque
2074 908 2136 949 ita

430 979 592 1034 cadere,
624 981 673 1020 ut
703 979 824 1020 nulla
856 993 924 1020 res
957 981 1000 1020 te
1033 979 1086 1020 ad
1119 979 1381 1034 aequitatem
1416 978 1548 1020 animi
1574 978 1713 1032 possit
1739 981 1891 1033 postea
1918 979 2136 1020 extollere.

430 1050 499 1105 egi
531 1053 653 1092 tuam
680 1064 854 1092 causam
881 1049 1088 1105 apertius,
1120 1064 1249 1104 quam
1282 1065 1377 1091 mea
1408 1053 1606 1104 tempora
1638 1049 1853 1103 ferebant3
1885 1049 2138 1091 vincebatur
2158 1067 2190 1091 10

431 1121 545 1162 enim
582 1120 758 1162 fortuna
796 1119 891 1175 ipsa
929 1119 1181 1162 debilitatae
1220 1120 1387 1176 gratiae
1424 1123 1599 1162 nostrae
1637 1120 1701 1161 tui
1741 1120 1921 1161 caritate
1960 1123 2004 1162 et
2041 1135 2137 1163 meo

432 1194 641 1246 perpetuo
674 1204 776 1246 erga
809 1193 852 1233 te
884 1205 1029 1232 amore
1063 1191 1180 1233 culto
1214 1206 1238 1232 a
1269 1194 1311 1232 te
1344 1190 1686 1246 diligentissime.
1748 1190 1893 1233 omnia
1922 1191 2139 1246 promissa

434 1263 700 1317 confirmata,
733 1265 852 1304 certa
878 1265 921 1304 et
947 1265 1043 1304 rata
1069 1265 1180 1313 sunt,
1214 1277 1321 1317 quae
1349 1263 1401 1304 ad
1428 1262 1615 1303 reditum
1647 1264 1690 1303 et
1723 1261 1775 1302 ad
1808 1261 1990 1303 salutem
2017 1264 2138 1304 tuam

432 1334 670 1389 pertinent:
708 1333 814 1389 vidi,
847 1333 1048 1389 cognovi,
1081 1333 1278 1389 interfui3
1317 1334 1476 1375 etenim
1510 1333 1648 1375 omnis
1682 1331 1878 1374 Caesaris
1911 1332 2138 1375 familiaris

434 1405 540 1446 satis
580 1407 822 1459 opportune
860 1404 1000 1446 habeo
1038 1405 1284 1459 implicatos
1318 1404 1627 1447 consuetudine
1660 1407 1703 1446 et
1733 1404 2034 1446 benevolentia
2067 1404 2139 1459 sic,
2160 1421 2192 1446 15

432 1479 498 1531 ut,
537 1490 635 1517 cum
674 1476 727 1517 ab
765 1475 842 1517 illo
882 1475 1179 1530 discesserint,
1218 1491 1285 1517 me
1323 1476 1514 1517 habeant
1550 1475 1806 1530 proximum.
1869 1474 1951 1517 hoc
1989 1474 2131 1517 Pansa

431 1547 625 1602 Hirtius,
662 1547 845 1600 Balbus,
886 1546 1070 1601 Oppius,
1108 1546 1291 1602 Matius,
1330 1546 1581 1588 Postumius
1620 1548 1746 1602 plane
1778 1547 1840 1588 ita
1871 1546 2054 1602 faciunt,
2091 1549 2141 1588 ut

432 1633 501 1660 me
538 1618 663 1660 unice
703 1617 905 1673 diligant:
945 1618 1060 1672 quod
1099 1618 1135 1659 si
1174 1618 1281 1659 mihi
1319 1633 1396 1673 per
1427 1633 1495 1660 me
1534 1618 1805 1660 efficiendum
1843 1617 2018 1674 fuisset,
2054 1632 2142 1660 non

432 1705 499 1731 me
537 1689 780 1744 paeniteret
817 1704 896 1743 pro
936 1689 1103 1730 ratione
1142 1691 1388 1744 temporum
1427 1690 1490 1731 ita
1527 1704 1619 1731 esse
1658 1689 1878 1745 molitum,
1921 1689 1996 1731 sed
2031 1689 2141 1730 nihil

433 1763 499 1803 est
536 1776 560 1802 a
598 1775 665 1802 me
706 1760 963 1801 inservitum
1005 1760 1212 1814 temporis
1253 1775 1400 1815 causa,
1445 1763 1611 1803 veteres
1650 1760 1758 1801 mihi
1802 1760 2140 1802 necessitudines
2161 1775 2197 1801 20

434 1846 531 1874 cum
576 1831 636 1873 eis
682 1831 883 1873 omnibus
928 1830 1218 1885 intercedunt,
1270 1832 1528 1886 quibuscum
1573 1845 1652 1887 ego
1699 1845 1826 1887 agere
1872 1832 1922 1873 de
1967 1834 2009 1874 te
2053 1847 2141 1874 non

433 1902 592 1945 destiti.
660 1901 900 1957 principem
945 1904 1091 1943 tamen
1135 1902 1365 1944 habuimus
1406 1902 1610 1957 Pansam,
1655 1902 1721 1944 tui
1763 1902 2143 1960 studiosissimum,

434 1974 518 2015 mei
551 1973 773 2028 cupidum,
815 1973 887 2027 qui
920 1973 1085 2015 valeret
1119 1973 1230 2028 apud
1263 1973 1387 2015 illum
1418 1989 1506 2015 non
1538 1974 1680 2016 minus
1720 1973 1979 2016 auctoritate
2013 1990 2142 2030 quam

433 2045 593 2100 gratia3
626 2042 799 2086 Cimber
833 2047 978 2086 autem
1013 2044 1167 2086 Tillius
1202 2044 1309 2086 mihi
1340 2044 1467 2099 plane
1501 2045 1607 2087 satis
1639 2044 1754 2087 fecit.
1816 2045 1963 2088 valent
1994 2048 2143 2088 tamen

433 2116 544 2171 apud
583 2114 812 2157 Caesarem
849 2130 936 2156 non
974 2118 1064 2157 tam
1104 2115 1361 2158 ambitiosae
1400 2116 1649 2172 rogationes
1689 2131 1819 2171 quam
1856 2117 2137 2172 necessariae,
2159 2130 2192 2156 25

432 2201 561 2242 quam
594 2185 695 2240 quia
728 2184 904 2228 Cimber
935 2187 1136 2242 habebat,
1167 2187 1265 2242 plus
1298 2187 1447 2242 valuit,
1481 2202 1610 2242 quam
1641 2202 1720 2242 pro
1753 2187 1842 2229 ullo
1875 2188 1961 2230 alio
1993 2188 2135 2230 valere

429 2257 656 2312 potuisset.
714 2257 904 2312 diploma
931 2258 1082 2299 statim
1113 2272 1200 2299 non
1232 2261 1298 2300 est
1329 2258 1491 2314 datum,
1523 2259 1635 2313 quod
1668 2258 1850 2301 mirifica
1881 2260 1948 2300 est
1977 2258 2135 2314 impro-

430 2328 545 2369 bitas
578 2328 623 2369 in
654 2328 931 2383 quibusdam,
971 2329 1043 2383 qui
1077 2329 1281 2370 tulissent
1314 2329 1508 2371 acerbius
1540 2329 1710 2371 veniam
1742 2329 1824 2371 tibi
1856 2329 1966 2384 dari,
2004 2343 2134 2384 quam

429 2400 496 2441 illi
534 2400 756 2455 appellant
794 2399 968 2441 etubam
1000 2400 1103 2441 belli
1137 2399 1297 2442 civilis'
1337 2400 1557 2456 multaque
1590 2401 1654 2441 ita
1686 2400 1852 2455 dicunt,
1892 2399 2014 2455 quasi
2044 2415 2133 2442 non

431 2471 647 2526 gaudeant
679 2471 722 2511 id
754 2470 916 2511 bellum
947 2471 1160 2513 incidisse.
1223 2486 1354 2525 quare
1387 2471 1526 2513 visum
1565 2474 1631 2512 est
1670 2471 1880 2513 occultius
1920 2472 2134 2527 agendum
2153 2484 2188 2510 30
2239 2486 2242 2490 ⁴

430 2556 568 2596 neque
606 2542 695 2583 ullo
735 2541 862 2583 modo
904 2541 1214 2597 divulgandum
1252 2543 1301 2583 de
1340 2545 1382 2583 te
1421 2542 1508 2583 iam
1547 2557 1640 2585 esse
1677 2542 1934 2597 perfeetum,
1979 2542 2053 2584 sed
2089 2542 2133 2583 id

551 2696 580 2728 1
609 2697 640 2728 2.
667 2694 776 2738 grata
802 2695 859 2728 est
884 2704 1001 2738 eaque
1027 2704 1066 2728 re
1092 2693 1148 2727 uti
1175 2694 1219 2738 G,
1249 2694 1394 2747 gralllll·
1413 2695 1497 2738 (offas
1525 2696 1592 2727 4—
1597 2696 1617 2727 5
1644 2694 1712 2729 litt.
1739 2695 1781 2728 in
1804 2695 1875 2737 fine
1899 2695 1963 2738 vs.)
1989 2704 2131 2737 eaquae

431 2751 470 2774 re
495 2739 551 2774 uti
575 2741 612 2776 R
644 2742 655 2785 Η
687 2745 718 2775 2.
746 2741 954 2776 mehercule
989 2741 1044 2785 R,
1082 2740 1230 2775 hercule
1259 2742 1293 2777 G
1324 2743 1335 2787 ΙΙ
1367 2740 1528 2775 sirenem
1559 2743 1608 2785 Ω,
1649 2751 1820 2785 syronem
1851 2750 1882 2777 ς.
1926 2740 1972 2783 cf.
1999 2740 2133 2786 Haupt

431 2798 550 2831 opusc.
570 2788 621 2821 ΙΠ
641 2799 680 2832 10.
702 2791 770 2821 334
789 2790 800 2833 Η
820 2792 850 2823 3.
879 2799 923 2823 ea
949 2789 996 2832 R,
1024 2789 1085 2823 eta
1105 2789 1159 2832 Μ,
1188 2800 1209 2823 a
1231 2789 1265 2824 G
1284 2790 1295 2833 Η
1315 2793 1346 2823 4
1374 2799 1453 2823 esse
1478 2788 1638 2833 probata
1663 2787 1848 2822 noluimus
1871 2787 1904 2823 G
1923 2788 1934 2832 ΙΙ
1954 2790 1984 2822 6.
2007 2788 2131 2833 ampio

432 2835 486 2877 M,
513 2834 625 2879 appio
651 2846 695 2870 em
721 2835 844 2880 ampio
870 2835 935 2880 R¹,
963 2835 1048 2880 apio
1078 2836 1111 2871 G
1139 2837 1150 2880 Η
1179 2839 1210 2871 8.
1237 2835 1340 2870 falsii
1365 2837 1415 2870 M
1437 2837 1448 2881 Η
1479 2839 1532 2870 10.
1560 2835 1808 2870 uincebantur
1834 2834 1906 2870 GR
1930 2835 1942 2879 ΙΙ
1969 2838 2022 2869 12.
2049 2846 2131 2880 per-

432 2881 546 2915 missa
571 2883 607 2917 R
627 2884 638 2927 ΙΙ
660 2886 713 2917 15.
741 2882 831 2917 satis
858 2884 1063 2927 opportune
1090 2894 1155 2918 om.
1185 2884 1219 2919 G
1243 2885 1254 2928 Η
1285 2887 1337 2918 17.
1366 2883 1473 2917 albus
1501 2883 1573 2919 GR
1593 2884 1604 2927 ΙΙ
1623 2882 1819 2916 Postumus
1845 2893 1962 2916 errore
1989 2882 2130 2918 Wesen-

433 2929 514 2973 ber9
544 2930 555 2973 ΙΙ
588 2933 642 2965 18
669 2930 768 2974 quod
800 2929 831 2964 si
863 2929 955 2963 mihi
980 2930 1033 2974 R,
1070 2930 1161 2974 quid
1192 2930 1223 2965 si
1254 2930 1347 2965 mihi
1372 2931 1432 2974 M,
1469 2930 1559 2974 quid
1589 2929 1682 2963 mihi
1714 2928 1744 2963 si
1778 2929 1812 2963 G
1843 2929 1854 2973 ΙΙ
1885 2932 1943 2970 21,
1968 2940 2052 2963 cum
2077 2929 2131 2964 eis

433 2975 602 3009 omnibus
633 2988 698 3011 om.
728 2978 762 3012 G
793 2978 804 3022 ss
836 2976 905 3023 eis]
937 2977 984 3011 iis
1017 2978 1246 3023 1768εηῦ619,
1280 2978 1337 3013 his
1370 2959 1452 3013 MR
1484 2979 1495 3022 ΙΙ
1526 2981 1581 3011 22.
1618 2975 1826 3010 studiosum
1852 2975 1886 3010 G
1917 2977 1979 3020 ΙΙ2
2046 2980 2132 3022 post

432 3021 552 3056 minus
580 3026 645 3056 1—
650 3028 669 3057 2
698 3025 765 3060 litt.
791 3035 881 3059 eomas
907 3025 948 3058 in
972 3024 1022 3058 M
1042 3025 1053 3068 ΙΙ
1081 3028 1136 3059 24.
1163 3024 1313 3071 Tillius]
1340 3024 1502 3058 illiussz
1526 3025 1537 3068 ΙΙ
1566 3022 1752 3057 satisfacit
1780 3023 1813 3058 G
1832 3023 1844 3067 ΙΙ
1862 3024 2004 3069 tamen]
2032 3023 2131 3058 enim

433 3068 501 3102 aliz
519 3070 530 3112 Η
550 3073 604 3104 26.
632 3082 744 3131 quam
770 3070 873 3115 quial
902 3082 994 3114 quas
1021 3070 1110 3115 quia
1135 3073 1203 3107 alii
1229 3074 1241 3116 ΙΙ
1270 3076 1464 3115 28.qua1n
1490 3071 1582 3114 MR,
1609 3081 1718 3113 quem
1746 3070 1779 3105 G
1805 3071 1815 3114 11
1841 3073 1896 3105 30.
1922 3070 2128 3116 gaudeant]

434 3114 643 3151 doleant&
612 3118 714 3160 (¹115
717 3122 760 3151 §.1
789 3118 1059 3163 diuulganduni
1085 3119 1194 3152 modo
1223 3120 1256 3153 G
