2242 3496
699 148 1036 184 EplsTVLARVM
1064 149 1122 184 IX.
1152 152 1204 182 13.
1234 153 1286 182 14.
1753 142 1837 186 223

145 259 325 311 quentes
363 256 593 297 necessarii
635 257 715 297 mei
752 281 824 309 —,
857 257 958 310 quin
999 270 1164 309 omnes,
1206 269 1301 296 cum
1342 256 1383 293 te
1423 250 1602 293 summis
1642 249 1838 289 laudibus

144 326 197 368 ad
228 326 393 368 caelum
419 326 678 380 extulerunt,
711 327 814 368 mihi
842 327 1045 368 contiuuo
1074 326 1281 367 maximas
1308 322 1470 379 gratias
1497 323 1646 376 agant3
1679 323 1839 375 negant

145 397 259 439 enim
291 412 335 438 se
368 397 577 449 dubitare,
610 397 712 452 quin
746 401 790 438 tu
826 398 931 439 meis
965 397 1203 451 praeceptis
1237 399 1279 437 et
1312 393 1503 436 consiliis
1537 391 1839 445 obtemperans

145 467 564 522 praestantissimum
606 471 648 509 te
688 469 823 509 civem
857 472 901 509 et
933 468 1195 523 singularem
1234 465 1452 508 consulem
1485 462 1708 518 praebeas:
1750 460 1839 514 qui-

108 538 224 580 5bus
266 552 347 594 ego
385 553 645 593 quamquam
686 539 905 580 verissime
943 553 1117 593 possum
1159 537 1413 591 respondere
1452 539 1512 587 te,
1550 548 1657 588 quae
1695 532 1840 583 facias,

144 612 219 651 tuo
263 609 422 651 iudicio
468 613 510 650 et
556 613 629 650 tua
675 612 826 663 sponte
877 609 1014 650 faeere
1059 623 1134 649 nec
1181 608 1431 660 cuiusquam
1477 619 1602 660 egere
1647 603 1840 656 consilio,

144 683 289 721 tamen
320 694 457 734 neque
490 679 614 734 plane
648 680 883 735 adsentior,
913 694 965 720 ne
998 679 1234 719 imminuam
1266 681 1384 718 tuam
1418 677 1604 729 laudem,
1638 675 1671 716 si
1701 674 1839 716 omnis

144 766 170 792 a
207 751 313 792 meis
359 751 550 792 consiliis
593 751 787 805 profecta
825 750 1038 802 videatur,
1082 764 1219 803 neque
1258 749 1378 789 valde
1421 761 1551 802 nego3
1595 761 1689 787 sum
1727 746 1841 787 enim

144 821 309 863 avidior
347 822 493 874 etiam,
537 836 665 875 quam
698 821 804 862 satis
837 824 921 874 est,
960 820 1140 874 gloriae,
1183 823 1225 860 et
1263 823 1407 860 tamen
1439 833 1523 859 non
1557 817 1742 858 alienum
1775 819 1841 857 est

94 904 126 928 10
145 892 358 947 dignitate
390 896 481 946 tua,
524 892 638 946 quod
670 892 752 946 ipsi
787 891 1119 946 Agamemnoni,
1160 904 1310 945 regum
1344 889 1452 944 regi,
1484 889 1566 930 fuit
1599 889 1840 939 honestum,

143 961 302 1004 habere
328 963 514 1017 aliquem
543 962 588 1004 in
614 962 805 1004 consiliis
833 961 1048 1016 capiendis
1075 960 1316 1013 Nestorem,
1344 960 1447 1000 mihi
1478 974 1575 1000 vero
1603 958 1840 1015 gloriosum

112 1022 186 1074 'te
224 1033 421 1075 iuvenem
459 1034 676 1074 consulem
719 1033 871 1074 florere
915 1031 1114 1073 laudibus
1160 1032 1282 1085 quasi
1327 1030 1545 1071 alumnum
1591 1029 1840 1083 disciplinae

143 1118 274 1146 meae.
335 1103 380 1145 L.
416 1104 587 1159 quidem
621 1103 795 1158 Caesar,
839 1119 935 1145 cum
969 1103 1020 1144 ad
1053 1118 1148 1144 eum
1189 1105 1414 1157 aegrotum
1446 1100 1675 1155 Neapolim
1708 1100 1842 1140 venis-
1869 1111 1876 1137 .·

143 1189 254 1229 sem,
299 1189 559 1230 quamquam
598 1178 690 1216 erat
729 1189 960 1229 oppressus
1002 1174 1138 1215 totius
1181 1173 1373 1227 corporis
1415 1171 1655 1225 doloribus,
1699 1173 1842 1211 tamen

93 1258 126 1283 15
145 1248 256 1300 ante,
289 1260 417 1300 quam
450 1260 517 1287 me
550 1246 675 1300 plane
710 1245 927 1299 salutavit,
961 1245 1001 1286 eo
1029 1245 1086 1286 mi
1116 1243 1294 1296 Cicero',
1326 1243 1479 1297 inquit,
1512 1241 1723 1297 ‘gratulor
1749 1241 1842 1293 tibi,

144 1331 241 1358 cum
273 1319 445 1358 tantum
479 1316 593 1357 vales
626 1317 738 1371 apud
770 1316 1062 1369 Dolabellam,
1102 1319 1311 1370 quantum
1345 1316 1380 1356 si
1412 1329 1492 1369 ego
1532 1313 1643 1368 apud
1682 1312 1842 1353 sororis

143 1386 282 1428 filium
312 1387 516 1441 valerem,
560 1387 646 1428 iam
686 1387 794 1428 salvi
836 1402 927 1429 esse
969 1401 1210 1441 possemus,
1255 1385 1507 1428 Dolabellae
1547 1398 1646 1425 vero
1686 1386 1761 1424 tuo
1800 1386 1843 1423 et

144 1458 340 1514 gratulor
384 1462 427 1499 et
471 1457 634 1513 gratias
680 1472 785 1513 ago,
830 1473 955 1513 quem
1002 1458 1173 1512 quidem
1218 1460 1318 1512 post
1355 1460 1397 1498 te
1437 1456 1667 1497 consulem
1703 1454 1842 1495 solum

143 1543 374 1584 possumus
413 1544 511 1570 vere
551 1525 771 1570 consulein
809 1528 983 1582 dicere’,
1028 1528 1178 1569 deinde
1216 1528 1354 1569 multa
1392 1528 1441 1568 de
1480 1526 1595 1567 facto
1635 1540 1683 1566 ac
1715 1525 1765 1566 de
1797 1538 1842 1564 re

93 1614 127 1637 20
146 1603 270 1655 gesta
307 1603 398 1641 tua:
441 1599 551 1642 nihil
590 1599 955 1655 magnificentius,
999 1599 1108 1640 nihil
1152 1598 1413 1652 praeclarius
1457 1600 1601 1638 actum
1642 1609 1843 1649 unquam,

144 1671 253 1712 nihil
285 1670 347 1712 rei
373 1686 412 1725 p.
440 1670 690 1723 salutarius,
722 1673 852 1724 atque
884 1670 989 1711 haee
1015 1684 1100 1710 una
1126 1683 1208 1710 vox
1241 1668 1432 1709 omnium
1459 1670 1535 1708 est.
1579 1682 1603 1707 a
1630 1670 1672 1707 te
1699 1669 1842 1707 autem

144 1744 264 1796 peto,
304 1744 353 1782 ut
392 1756 458 1782 me
496 1742 606 1783 hane
645 1740 768 1795 quasi
805 1740 960 1782 falsam
998 1740 1284 1781 hereditatem
1322 1739 1485 1780 alienae
1524 1737 1689 1792 gloriae
1728 1736 1842 1777 sinas

145 1827 316 1854 cernere
348 1827 501 1867 meque
529 1811 673 1867 aliqua
705 1826 756 1853 ex
787 1814 909 1866 parte
942 1811 987 1852 in
1019 1811 1274 1852 societatem
1300 1813 1473 1850 tuarum
1499 1808 1674 1849 laudum
1700 1806 1843 1848 venire

143 1883 322 1937 patiare.
387 1898 665 1938 quamquam,
709 1882 768 1923 mi
806 1881 1036 1924 Dolabella
1066 1906 1124 1910 —
1154 1881 1260 1922 haec
1299 1881 1412 1922 enim
1449 1879 1615 1921 iocatus
1661 1893 1756 1919 sum
1787 1901 1844 1905 —

91 1965 126 1990 25
145 1954 350 1995 libentius
389 1969 537 1996 omnes
576 1969 711 2008 meas,
757 1954 793 1995 si
831 1954 958 1995 modo
998 1956 1098 1995 sunt
1138 1953 1306 2007 aliquae
1346 1966 1482 2005 meae,
1525 1950 1671 1992 laudes
1711 1949 1763 1989 ad
1802 1951 1843 1988 te

145 2024 466 2080 transfuderim,
499 2040 627 2080 quam
660 2025 849 2080 aliquam
881 2027 1050 2079 partem
1083 2022 1353 2065 exhauserim
1385 2038 1436 2063 ex
1467 2022 1572 2075 tuis,
1605 2036 1717 2074 nam,
1749 2034 1844 2060 cum

145 2098 188 2136 te
221 2110 389 2151 semper
420 2099 591 2138 tantum
624 2096 864 2150 dilexerim,
907 2098 1115 2150 quantum
1148 2098 1196 2135 tu
1228 2093 1479 2148 intellegere
1511 2091 1711 2147 potuisti,
1751 2094 1843 2131 tum

145 2167 214 2208 his
246 2167 333 2208 tuis
366 2167 494 2208 factis
527 2167 589 2209 sic
620 2167 820 2209 incensus
854 2182 970 2219 sum,
1003 2169 1051 2207 ut
1081 2164 1189 2206 nihil
1222 2179 1427 2218 umquam
1459 2164 1505 2204 in
1537 2177 1681 2204 amore
1713 2161 1844 2202 fuerit

145 2238 386 2292 ardentius3
439 2238 549 2279 nihil
592 2241 658 2280 est
702 2238 836 2292 enim,
886 2237 992 2278 mihi
1039 2237 1181 2289 crede,
1231 2236 1389 2276 virtute
1433 2233 1687 2286 formosius,
1736 2231 1844 2272 nihil

93 2319 128 2343 ³⁰
146 2307 350 2363 pulcrius,
380 2308 489 2350 nihil
517 2309 757 2350 amabilius.
802 2323 970 2363 semper
996 2307 1148 2361 amavi,
1178 2309 1227 2347 ut
1253 2306 1348 2358 scis,
1381 2305 1436 2346 M.
1456 2304 1640 2345 Brutum
1669 2305 1844 2356 propter

146 2379 237 2420 eius
270 2394 486 2421 summum
517 2379 752 2435 ingenium,
786 2379 1065 2420 suavissimos
1099 2391 1251 2425 mores,
1285 2376 1547 2430 singularem
1580 2373 1843 2428 probitatem

147 2452 276 2504 atque
309 2451 617 2492 constantiam:
657 2454 802 2492 tamen
835 2450 983 2491 Idibus
1017 2448 1185 2489 Martiis
1225 2450 1394 2488 tantum
1434 2445 1614 2487 accessit
1647 2444 1697 2484 ad
1731 2457 1844 2483 amo-

265 2630 294 2662 1.
322 2626 412 2672 quin
438 2626 529 2668 HD,
555 2626 620 2671 qui
646 2626 727 2661 MA
752 2628 763 2670 Η
789 2630 819 2660 2.
849 2626 965 2669 agunt
990 2625 1025 2659 A
1051 2626 1062 2668 ΙΙ
1094 2627 1124 2658 5.
1152 2624 1188 2657 te
1215 2633 1310 2666 quae
1338 2622 1466 2663 Men,
1499 2622 1610 2665 teque
1637 2619 1715 2663 111¹,
1748 2628 1843 2663 quae

145 2675 232 2718 (que
250 2674 302 2719 A)
326 2674 403 2710 AD
421 2675 433 2718 ΙΙ
454 2679 484 2709 7.
511 2673 662 2708 laudem
687 2676 792 2707 tuam
818 2672 862 2706 H
877 2674 888 2716 ΙΙ
909 2676 938 2706 9,
967 2671 1114 2705 auidior
1139 2682 1182 2705 ea:
1210 2669 1342 2704 audior
1362 2669 1409 2702 Μ
1413 2674 1427 2690 ⁰
1447 2671 1458 2713 ΙΙ
1477 2669 1539 2704 alt.
1562 2669 1620 2702 est
1639 2667 1685 2709 A,
1711 2678 1777 2700 om.
1807 2667 1846 2699 Ψ

139 2725 324 2766 potestque
349 2732 388 2756 eo
412 2723 531 2756 careri
549 2723 561 2765 ΙΙ
582 2725 635 2755 10.
665 2721 742 2754 ‘rex
763 2730 890 2764 regum
910 2718 1074 2752 Atrides'
1104 2718 1264 2752 Ausonii
1289 2716 1459 2760 (epitaph.
1481 2720 1513 2758 2,
1536 2717 1569 2758 1)
1594 2716 1678 2748 hinc
1697 2713 1844 2757 flua-isse

140 2772 250 2812 putat
276 2768 312 2804 Οἱ
334 2768 485 2803 Schenkl
509 2769 561 2802 ecl.
591 2780 628 2812 p.
650 2770 728 2802 266.
769 2771 806 2800 at
837 2767 1003 2811 frequens
1030 2766 1086 2808 id,
1120 2777 1151 2799 1¹.
1179 2764 1381 2808 Landgraf
1406 2767 1474 2797 act.
1502 2762 1657 2806 Erlany.
1683 2761 1717 2794 ΙΙ
1739 2772 1775 2804 p.
1798 2762 1842 2792 38

144 2819 177 2849 et
202 2818 243 2849 51
327 2819 379 2850 11.
408 2815 545 2849 habere
572 2826 637 2849 om.
665 2815 700 2848 A
719 2816 730 2857 11
750 2815 934 2847 nestorem
960 2812 1024 2855 Al,
1053 2813 1237 2845 nestorem
1263 2810 1399 2844 habere
1426 2810 1485 2844 A²
1509 2811 1521 2853 ΙΙ
1548 2811 1602 2843 13,
1630 2807 1748 2842 lucius
1777 2808 1817 2840 Ψ
1842 2814 1843 2818 ’

146 2864 200 2896 15.
227 2873 269 2896 sa
310 2863 409 2897 taret
435 2873 479 2897 esc
505 2861 688 2895 salutauit
707 2861 755 2895 M
759 2865 774 2882 ⁰
792 2863 803 2904 11
826 2864 878 2894 16.
894 2859 992 2904 cum]
1014 2857 1113 2902 quod
1139 2858 1359 2901 ll'esenbery,
1387 2857 1526 2890 iniuria
1544 2857 1556 2899 ΙΙ
1577 2858 1631 2890 17.
1654 2854 1725 2889 iam
1749 2853 1840 2896 HD,

144 2909 224 2942 tam
247 2910 330 2944 MA
348 2911 360 2954 ΙΙ
381 2913 434 2944 17.
464 2912 517 2943 18.
545 2910 581 2942 et
607 2907 775 2953 gratulor
802 2907 894 2949 AD,
921 2906 954 2940 ei
980 2905 1148 2950 gratulor
1173 2904 1263 2939 ΜΗ
1284 2906 1296 2948 Η
1323 2909 1376 2938 lt).
1404 2914 1554 2948 possum
1580 2903 1615 2936 A
1634 2905 1646 2946 ὶΙ
1666 2902 1750 2936 dein
1777 2901 1813 2934 A
1842 2903 1843 2906 ’

145 2959 201 2990 20.
226 2958 294 2991 tua
317 2958 405 3002 (nisi
430 2956 619 3000 deleretur)
651 2955 867 2998 Wesenberg,
892 2955 972 2986 tum
992 2953 1126 2995 MHA,
1153 2962 1237 2986 eum
1262 2952 1301 2986 D
1320 2953 1332 2995 ΙΙ
1351 2955 1405 2985 21.
1434 2951 1490 2984 cst
1516 2960 1538 2983 a
1563 2951 1599 2983 te
1626 2950 1672 2990 A,
1700 2949 1842 2982 aestate

148 3003 270 3046 ²15<ex
293 3005 331 3038 te
358 3015 424 3048 my.
451 3002 504 3047 D)
536 3004 547 3046 ΙΙ
579 3006 634 3038 22.
662 3004 703 3036 ut
728 3012 786 3035 me
813 3002 872 3035 ΑΖ
897 3012 940 3035 αι·
967 2999 1020 3034 uti
1047 3010 1093 3033 ne
1118 3001 1129 3043 11
1158 3002 1214 3033 24.
1240 2998 1348 3042 haec]
1375 2997 1434 3031 hic
1464 2996 1499 3030 D
1523 2998 1535 3040 11
1560 2996 1704 3030 iocatus
1731 2995 1804 3030 DA
1817 2994 1841 3038 ²,

145 3047 290 3084 locatus
315 3050 432 3094 A¹H‚
460 3050 605 3083 locutus
633 3050 680 3083 M
701 3052 712 3093 Η
738 3060 818 3082 sunl
844 3060 909 3082 om.
940 3047 981 3081 H
1003 3050 1014 3091 ΙΙ
1040 3050 1095 3081 2ϋ.
1123 3045 1385 3079 transfuderim
1416 3046 1462 3087 Ψ,
1495 3046 1598 3077 trans
1625 3043 1697 3086 A¹,
1725 3044 1842 3076 trans-

146 3095 295 3130 tulerim
324 3099 377 3130 A²
397 3100 408 3141 ΙΙ
428 3100 482 3131 28.
511 3097 567 3130 his
594 3096 668 3130 tuis·
696 3097 787 3139 MA,
814 3095 845 3129 is
872 3094 946 3128 tuis
972 3094 1021 3138 D,
1048 3093 1104 3126 his
1132 3093 1174 3126 H
1191 3095 1202 3136 n
1222 3103 1346 3127 amore
1373 3092 1418 3135 A,
1447 3101 1609 3124 amorem
1639 3091 1678 3123 Ψ

1866 471 1884 499 {b
