2242 3496
698 231 1033 268 El‘ls'rvmuvm
1063 233 1119 268 VI.
1152 238 1178 269 1.
1705 236 1785 276 125⁹

92 338 266 394 proprio
295 339 496 392 periculo,
530 355 605 381 nec
633 342 760 381 debes
787 346 846 388 tu,
879 358 974 383 cum
1009 344 1057 384 ‹le
1087 344 1171 384 tuis
1200 345 1379 397 cogitas,
1412 348 1486 385 aut
1513 345 1785 399 praeeipuam

91 409 280 463 aliquam
314 410 531 450 fortunam
564 411 782 464 postulare
817 416 890 453 aut
924 428 1191 454 communem
1223 429 1429 456 recusare.
1486 416 1535 456 de
1569 419 1610 455 te
1644 419 1785 457 autem

91 480 204 534 ipSO,
242 479 478 533 Torquate,
520 484 585 521 ost.
626 485 745 522 tuum
786 483 845 523 siv
887 484 1050 537 agitare
1090 485 1252 538 auimo,
1295 490 1340 526 ut
1379 501 1463 527 non
1503 486 1705 527 adhibeas
1746 487 1786 527 iu

91 549 318 592 consilium
365 551 678 602 cogitationum
725 556 895 594 tuarum
940 555 1283 608 desperatimiem
1328 560 1403 597 aut
1448 557 1668 610 timorem3
1713 572 1787 598 nec

56 621 205 662 senim
237 621 292 672 is,
331 621 403 674 qui
437 621 478 661 in
513 625 554 662 te
588 623 725 664 adhuc
767 624 983 677 iniustior,
1027 641 1154 679 quam
1187 629 1260 667 tua
1298 627 1487 681 dignitas
1528 628 1789 682 postulabat,

90 691 192 746 fuit,
229 705 316 732 non
349 705 507 745 magna
540 693 664 747 signa
697 693 813 734 dedit
845 695 975 735 animi
1010 710 1110 749 erga
1147 700 1187 737 te
1223 697 1428 752 mitigati,
1467 713 1542 739 nec
1576 702 1719 739 tamen
1754 699 1789 739 is

89 761 194 816 ipse,
226 777 251 803 a
277 776 361 816 quo
389 762 504 803 salus
532 763 706 816 petitur,
740 764 871 804 habet
897 766 1154 819 explicatam
1182 770 1257 808 aut
1284 768 1550 821 exploratam
1578 769 1789 810 rationem

91 832 244 874 salutis
289 846 411 886 suae,
462 847 643 887 cumque
689 834 879 875 omnium
932 836 1143 876 bellorum
1187 838 1326 879 exitus
1381 839 1533 880 incerti
1579 839 1686 893 sint,
1737 840 1789 881 ab

91 902 228 945 altera
261 902 445 945 victoria
476 903 557 944 tibi
590 904 828 957 periculum
867 905 1032 946 nullum
1066 922 1157 947 esse
1196 909 1427 962 perspicio,
1467 910 1578 963 quod
1619 910 1791 964 quidem

40 987 73 1012 ιο
92 972 394 1028 <se>iunctum
427 974 485 1015 sit
517 974 569 1015 ab
604 975 795 1015 omnium
828 975 1024 1027 interitu,
1057 977 1110 1017 ab
1144 978 1279 1019 altera
1312 982 1353 1020 te
1385 979 1526 1033 ipsum
1558 995 1790 1036 numquam

92 1044 288 1086 timuisse
321 1048 436 1086 certo
470 1045 570 1086 scio.
629 1045 842 1099 reliquum
875 1049 961 1100 est,
994 1049 1042 1087 ut
1074 1050 1116 1088 te
1150 1048 1190 1088 id
1222 1048 1376 1102 ipsum,
1410 1052 1521 1104 quod
1555 1065 1634 1106 ego
1667 1052 1789 1105 quasi

93 1115 403 1157 consolationis
448 1115 542 1156 loco
587 1129 724 1170 ponO,
771 1116 954 1157 maxime
1000 1118 1238 1172 excruciet,
1284 1134 1508 1162 commune
1553 1123 1788 1176 periculum

92 1186 154 1228 rei
186 1201 245 1241 p.:
289 1186 409 1228 cuius
449 1186 559 1227 tanti
602 1186 723 1241 mali,
761 1187 958 1240 quamvis
998 1188 1112 1229 docti
1152 1189 1231 1229 viri
1272 1191 1409 1231 multa
1447 1192 1607 1246 dicant,
1647 1196 1791 1234 tamen

93 1271 243 1299 vereor
272 1271 326 1299 ne
359 1257 599 1299 consolatio
631 1257 751 1298 nulla
782 1258 924 1312 possit
956 1273 1056 1299 vera
1088 1259 1265 1313 reperiri
1304 1264 1474 1315 praeter
1506 1262 1644 1317 illam,
1683 1278 1790 1318 quae

41 1341 74 1366 15
93 1330 218 1370 tanta
251 1331 329 1381 est,
361 1331 572 1383 quantum
604 1328 648 1369 in
682 1328 886 1383 cuiusque
914 1329 1056 1370 animo
1090 1330 1258 1371 roboris
1292 1335 1357 1372 est
1390 1335 1518 1387 atque
1544 1348 1791 1388 nervorum3

93 1399 129 1440 si
168 1399 283 1441 enim
319 1399 427 1441 bene
466 1399 627 1440 sentire
665 1402 866 1454 recteque
906 1399 1047 1441 facere
1092 1401 1198 1442 satis
1238 1405 1304 1443 est
1343 1403 1394 1444 ad
1434 1404 1539 1445 bene
1584 1405 1791 1459 beateque

91 1470 342 1524 vivendum,
385 1484 556 1524 vereor,
599 1484 652 1511 ne
694 1484 812 1524 eum,
858 1469 931 1524 qui
976 1485 1020 1512 se
1065 1472 1328 1526 optimorum
1374 1474 1652 1517 consiliorum
1697 1490 1792 1517 con-

93 1541 276 1584 scientia
307 1544 552 1583 sustentare
583 1541 737 1595 possit,
769 1540 975 1582 miserum
1007 1556 1099 1583 esse
1130 1542 1251 1584 nefas
1285 1544 1342 1584 sit
1375 1545 1524 1586 dicere.
1575 1561 1651 1588 nee
1678 1547 1791 1588 enim

91 1627 172 1654 nos
205 1611 395 1654 arbitror
432 1611 641 1654 victoriae
681 1611 885 1666 praemiis
925 1612 1077 1654 ductos
1118 1614 1306 1668 patriam
1345 1615 1449 1656 olim
1482 1619 1525 1657 et
1556 1617 1716 1658 liberos
1750 1621 1792 1658 et

41 1696 75 1721 20
95 1683 292 1725 fortunas
324 1683 568 1738 reliquisse3
601 1683 674 1725 sed
706 1683 921 1737 quoddam
947 1683 1074 1725 nobis
1107 1684 1299 1726 officium
1330 1686 1493 1727 iustum
1525 1690 1568 1728 et
1599 1688 1717 1741 pium
1750 1691 1793 1729 et

93 1754 288 1796 debitum
319 1753 382 1795 rei
414 1769 453 1808 p.
485 1755 745 1808 nostraeque
784 1753 989 1809 dignitati
1029 1755 1279 1797 videbamur
1312 1757 1452 1811 sequi,
1488 1771 1584 1811 nec,
1622 1773 1718 1800 cum
1751 1759 1793 1799 id

93 1825 370 1879 faciebamus,
402 1827 494 1866 tam
527 1839 697 1867 eramus
724 1828 929 1879 amentes,
961 1827 1010 1866 ut
1042 1826 1266 1880 explorata
1297 1827 1422 1869 nobis
1456 1831 1569 1870 esset
1600 1829 1791 1871 victoria.

94 1911 238 1951 quare,
270 1896 307 1938 si
334 1896 376 1937 id
403 1896 557 1951 evenit,
590 1896 704 1951 quod
729 1896 1073 1951 ingredientibus
1098 1897 1225 1939 nobis
1251 1898 1297 1939 in
1323 1913 1495 1940 causam
1522 1900 1793 1953 propositum

93 1967 177 2009 fuit
208 1967 399 2010 accidere
431 1981 578 2021 posse,
618 1980 704 2008 non
743 1967 948 2008 debemus
980 1967 1044 2009 ita
1076 1968 1224 2010 cadere
1258 1969 1431 2024 animis,
1470 1970 1592 2024 quasi
1632 1971 1792 2025 aliquid

42 2050 75 2076 25
95 2038 306 2094 evenerit,
349 2037 463 2094 quod
500 2038 593 2079 fieri
634 2052 761 2092 posse
804 2053 1040 2093 numquam
1077 2039 1331 2093 putarimus.
1393 2040 1527 2082 simus
1572 2041 1708 2096 igitur
1744 2056 1794 2083 ea

96 2112 257 2164 mente,
301 2123 430 2164 quam
468 2109 580 2151 ratio
619 2111 663 2150 et
701 2108 860 2150 veritas
906 2109 1180 2164 praescribit,
1224 2113 1273 2151 ut
1309 2110 1417 2151 nihil
1457 2111 1502 2152 in
1539 2111 1630 2153 vita
1666 2112 1792 2154 nobis

93 2181 400 2235 praestandum
432 2182 602 2235 praeter
633 2180 804 2234 culpam
835 2182 1054 2235 putemus,
1091 2195 1224 2235 eaque
1256 2196 1352 2222 cum
1386 2196 1617 2237 careamus,
1650 2183 1793 2224 omnia

94 2250 284 2293 humana
301 2251 469 2306 placate
496 2254 540 2293 et
567 2251 786 2293 moderate
813 2250 1012 2292 feramus.
1064 2254 1193 2305 atque
1219 2251 1324 2294 haec
1351 2267 1399 2294 eo
1426 2254 1614 2307 pertinet
1641 2254 1792 2307 oratio,

95 2325 145 2363 ut
181 2322 361 2377 perditis
399 2323 526 2364 rebus
571 2321 771 2364 omnibus
809 2324 956 2363 tamen
993 2321 1088 2376 ipsa
1125 2322 1262 2363 virtus
1302 2337 1346 2364 se
1386 2326 1629 2364 sustentare
1666 2338 1791 2378 posse

42 2405 77 2431 30
95 2393 308 2449 videatur3
340 2393 426 2448 sed,
458 2393 495 2435 si
528 2396 594 2435 est
626 2408 723 2448 spes
757 2393 902 2446 aliqua
933 2393 1060 2434 rebus
1088 2394 1400 2447 communibus,
1432 2408 1481 2435 ea
1512 2396 1572 2448 tu,
1605 2394 1792 2449 quicum-

96 2478 177 2518 que
210 2467 350 2506 status
383 2468 450 2506 est
480 2464 664 2520 futurus,
696 2477 838 2505 carere
865 2477 950 2503 non
978 2462 1117 2503 debes.
1168 2466 1296 2517 atque
1323 2463 1427 2505 haec
1454 2463 1560 2504 mihi
1588 2464 1793 2505 scribenti

95 2534 296 2576 veniebat
326 2535 372 2576 in
402 2537 591 2577 mentem
622 2548 690 2576 me
723 2548 815 2575 esse
848 2547 956 2586 eum,
989 2533 1109 2574 cuius
1142 2535 1189 2573 tu
1222 2532 1564 2587 desperationem
1591 2549 1791 2577 accusare

97 2603 252 2648 solitus
296 2620 410 2648 esses
456 2619 668 2661 quemque
713 2603 971 2646 auctoritate
1018 2606 1091 2644 tua
1133 2606 1407 2645 cunctantem
1447 2607 1490 2645 et
1527 2604 1793 2647 diffidentem

216 2762 247 2793 1.
272 2759 314 2792 tu
340 2758 432 2803 ΜΘ,
459 2759 539 2792 tum
557 2758 594 2793 R
613 2759 624 2800 ΙΙ
644 2761 674 2791 4.
703 2755 973 2800 cogitationum
999 2766 1042 2788 (τευ
1069 2765 1140 2788 -em
1160 2755 1236 2798 Me,
1263 2758 1304 2789 ut
1328 2756 1400 2790 vid.
1420 2757 1431 2800 ΙΙ
1452 2759 1481 2789 6.
1510 2756 1651 2800 tamen]
1679 2756 1792 2790 etiam

97 2805 274 2858 Pluyyers
293 2806 481 2850 (Mnemos.
502 2804 561 2839 IX.
584 2808 686 2838 1881.
702 2816 741 2848 p.
759 2805 850 2846 115),
876 2803 1018 2837 iniuria
1037 2804 1048 2844 ΙΙ
1068 2804 1098 2835 8.
1122 2800 1253 2835 salutis
1274 2802 1335 2835 tue
1356 2802 1392 2836 R
1411 2803 1422 2845 ΙΙ
1443 2806 1473 2837 8.
1490 2805 1520 2837 9.
1542 2802 1589 2836 ab
1616 2802 1735 2838 altera
1753 2824 1789 2828 —-

99 2854 153 2887 10.
191 2852 345 2888 interitu
383 2864 448 2888 om.
486 2852 558 2888 GR
595 2853 607 2894 ΙΙ
645 2854 676 2885 9.
714 2854 766 2884 10,
806 2848 957 2893 quidem
995 2848 1202 2882 seiunctum
1241 2860 1281 2892 ς,
1320 2848 1469 2892 quidem
1492 2850 1496 2892 Ι
1519 2848 1686 2884 iunctum
1720 2851 1794 2895 ΜΗ

100 2901 153 2933 11.
181 2901 280 2934 certe
309 2900 380 2936 GR
405 2902 415 2943 ΙΙ
446 2903 499 2933 12.
527 2898 607 2933 loco
637 2897 718 2941 GR,
745 2896 831 2931 lono
857 2896 902 2930 M
928 2897 939 2938 Η
970 2899 1023 2930 13.
1051 2894 1159 2929 multi
1184 2895 1220 2930 R
1246 2897 1257 2938 ΙΙ
1285 2899 1337 2930 14.
1366 2895 1443 2930 ulla
1470 2899 1501 2929 G
1532 2899 1543 2938 ΙΙ
1576 2900 1628 2931 16.
1658 2897 1792 2932 sentire

98 2945 324 2982 uoluerimus
355 2948 528 2990 reeteque
562 2946 594 2980 G
626 2947 637 2989 ΙΙ
670 2948 722 2978 16.
752 2947 805 2978 17.
840 2944 895 2977 est
930 2943 1040 2985 atque
1073 2942 1182 2976 beate
1218 2942 1420 2976 uiuendum
1454 2943 1487 2978 G
1517 2945 1528 2986 ΙΙ
1561 2946 1615 2977 16.
1649 2946 1689 2978 at
1720 2945 1794 2987 M13

99 2995 155 3028 21.
181 2993 401 3029 videbamur
427 2993 547 3038 sequi]
581 2991 779 3026 uidebatur
805 2989 869 3024 sed
895 2988 958 3033 qui
985 2990 1018 3022 ,Ω
1049 2991 1060 3033 ΙΙ
1092 2992 1145 3023 22.
1173 2990 1268 3036 tam]
1295 2991 1420 3024 tamen
1447 2991 1480 3023 Ω
1510 2991 1521 3034 ΙΙ
1553 2991 1594 3024 ut
1618 3002 1683 3026 om.
1710 2991 1793 3036 13¹3}

100 3042 155 3075 24.
176 3039 353 3076 debemus
379 3052 423 3075 ea
447 3036 578 3075 cadere
597 3038 707 3073 nimis
729 3038 763 3072 R
781 3040 793 3080 ΙΙ
813 3040 866 3070 25.
889 3035 1143 3080 putauerimus
1158 3036 1205 3081 R,
1231 3038 1444 3081 putaremus
1460 3038 1491 3071 G
1511 3040 1522 3081 ΙΙ
1541 3041 1597 3072 26.
1612 3039 1734 3073 mente
1748 3059 1794 3064 —

99 3087 322 3131 praescribit
351 3099 417 3124 om.
444 3088 497 3123 R¹
529 3089 540 3131 ΙΙ
572 3090 627 3120 28.
661 3085 808 3130 placate
843 3084 881 3117 et
912 3082 1100 3117 moderate
1133 3083 1294 3118 feramus
1325 3096 1369 3119 ew
1398 3085 1430 3119 h.
1458 3084 1479 3120 l.
1507 3085 1627 3128 adfert
1654 3085 1792 3122 Charis.

95 3145 136 3178 p.
156 3136 236 3179 212,
257 3138 300 3168 16
327 3135 368 3168 V.
402 3138 413 3179 ΙΙ
444 3138 498 3169 30.
527 3133 654 3177 aliqua
683 3132 770 3176 GR,
799 3130 926 3174 aliqua.
951 3140 970 3163 e
997 3130 1051 3174 M,
1079 3129 1207 3174 aliqua
1232 3131 1278 3166 de
1306 3132 1516 3177 Wesenbery
1545 3132 1558 3176 ΙΙ
1587 3135 1643 3168 32.
1669 3132 1793 3168 uenie-

100 3179 194 3214 bant
218 3182 252 3215 a

172 3245 234 3272 Cic.
254 3255 299 3278 cp.
319 3247 363 3272 cd.
384 3247 664 3272 Mondolssohn.
1492 3243 1511 3272 9

1814 429 1833 457 1(-
