2242 3496
372 122 457 162 248
973 115 1021 148 M.
1049 111 1189 146 TVLLI
1215 109 1464 145 CICERONIS

373 232 482 281 tum,
522 227 650 268 etiam
690 223 835 266 invitis
876 221 1149 276 quibusdam,
1189 218 1306 273 sciri,
1346 217 1447 272 quid
1485 216 1701 259 defensuri
1734 231 1942 273 essemus,
1979 231 2066 259 non

371 301 484 340 esset
515 297 814 352 periculosum.
877 292 939 333 ita
970 304 1190 344 nunquam
1229 288 1449 330 diffitebor
1487 288 1625 329 multa
1656 303 1741 342 me,
1782 291 1831 329 ut
1863 288 1915 330 ad
1948 288 2066 330 effec-

347 372 463 410 'tum
495 369 648 409 horum
682 363 958 406 consiliorum
997 359 1282 415 pervenirem,
1322 362 1363 400 et
1396 359 1622 400 simulasse
1654 359 1839 400 invitum
1872 361 1914 400 et
1945 359 2066 401 dissi-

372 440 553 480 mulasse
593 451 687 478 cum
729 435 891 487 dolore,
932 431 1063 487 quod,
1104 433 1380 486 praematura
1418 429 1686 471 denuntiatio
1718 428 1822 471 boni
1855 428 1959 471 civis
1991 430 2067 471 im-

324 543 331 552 .
369 509 510 564 parati
538 521 665 561 quam
691 503 932 559 periculosa
959 505 1084 556 esset,
1111 517 1161 543 ex
1189 516 1289 544 casu
1317 501 1520 557 conlegae
1541 501 1750 543 videbam.
1784 515 1868 555 quo
1894 501 2066 542 nomine
2105 514 2121 539 5

370 580 499 622 etiam
527 576 570 618 C.
598 575 758 618 Furnio
784 574 942 629 legato,
975 573 1067 615 viro
1100 572 1205 614 forti
1238 575 1367 627 atque
1397 575 1585 627 strenuo,
1618 572 1742 626 plura
1774 570 1905 613 etiam
1936 572 2067 613 verbo

372 664 497 704 quam
531 647 745 700 scriptura
771 645 974 686 mandata
999 644 1207 699 dedimus,
1240 646 1288 685 ut
1320 645 1363 684 et
1395 643 1551 685 tectius
1584 642 1637 684 ad
1669 657 1744 684 vos
1776 642 2069 699 perferrentur

370 723 411 761 et
448 733 526 760 nos
566 731 754 759 essemus
797 715 998 770 tutiores,
1045 715 1285 769 quibusque
1325 714 1452 755 rebus
1492 716 1535 755 et
1574 727 1845 755 communem
1884 713 2069 755 salutem

370 789 526 831 muniri
571 791 613 829 et
656 802 734 828 nos
780 787 937 828 armari
982 786 1232 828 conveniret
1276 785 1582 840 praecepimus.
1652 799 1702 826 ex
1747 799 1831 840 quo
1875 785 2069 841 intellegi

369 862 512 915 potest
562 873 707 900 curam
752 858 812 899 rei
857 873 895 912 p.
942 872 1134 899 summae
1185 856 1476 899 defendundae
1528 856 1782 911 iampridem
1836 857 1948 911 apud
1990 870 2068 898 nos
2091 870 2124 894 10

370 931 589 972 excubare.
651 943 781 982 nunc,
823 943 920 970 cum
959 929 1084 970 deum
1123 928 1393 984 benignitate
1433 928 1485 969 ab
1526 928 1643 969 omni
1681 942 1725 969 re
1765 942 1912 969 sumus
1949 941 2069 982 para-

368 1003 519 1056 tiores,
563 1016 649 1042 non
687 999 826 1041 solum
865 999 972 1041 bene
1015 1014 1186 1059 sperare
1226 999 1276 1041 de
1314 999 1439 1040 nobis
1478 998 1692 1053 homines,
1740 999 1811 1040 sed
1850 999 2070 1053 explorate

370 1073 556 1114 iudicare
601 1071 816 1113 volumus:
861 1069 1054 1126 legiones
1092 1070 1230 1112 habeo
1270 1070 1458 1125 quinque
1498 1069 1577 1111 sub
1618 1069 1753 1125 signis
1793 1072 1835 1111 et
1874 1085 1951 1111 sua
1988 1069 2070 1111 fide

369 1144 612 1196 virtuteque
647 1141 708 1183 rei
739 1157 777 1196 p.
811 1141 1186 1183 coniunctissimas
1228 1143 1271 1182 et
1309 1144 1459 1182 nostra
1500 1140 1762 1182 liberalitate
1795 1141 1920 1182 nobis
1953 1141 2072 1182 obse-

371 1217 567 1269 quentes,
609 1213 876 1268 provinciam
917 1213 1109 1254 omnium
1149 1212 1393 1254 civitatium
1426 1226 1637 1254 consensu
1675 1211 1996 1266 paratissimam
2029 1214 2073 1253 et
2094 1226 2125 1250 15

371 1300 539 1327 summa
578 1284 854 1326 contentione
894 1284 944 1325 ad
985 1282 1129 1325 officia
1168 1286 1425 1338 certantem,
1472 1283 1693 1337 equitatus
1733 1281 2076 1337 auxiliorumque

372 1358 515 1397 tantas
555 1355 720 1409 copias,
760 1356 943 1408 quantas
982 1355 1062 1396 hae
1103 1357 1254 1410 gentes
1293 1354 1346 1395 ad
1384 1353 1693 1396 defendendam
1732 1367 1853 1395 suam
1893 1353 2078 1395 salutem

372 1427 703 1479 libertatemque
744 1425 952 1467 conficere
992 1427 1192 1480 possunt3
1237 1425 1329 1480 ipse
1368 1425 1431 1466 ita
1470 1439 1566 1466 sum
1608 1425 1751 1466 animo
1796 1427 1972 1480 paratus
2011 1424 2077 1466 vel

371 1497 637 1552 provinciam
677 1497 788 1538 tueri
829 1497 894 1538 vel
927 1496 1007 1550 ire,
1047 1510 1131 1551 quo
1164 1511 1231 1538 res
1263 1511 1304 1551 p.
1337 1498 1477 1550 vocet,
1516 1496 1584 1538 vel
1623 1496 1792 1538 tradere
1831 1495 2078 1551 exercitum,

372 1568 531 1610 auxilia
562 1567 934 1623 provinciamque,
977 1568 1084 1622 <ut>
1117 1568 1183 1609 vel
1218 1582 1388 1609 omnem
1426 1567 1637 1622 impetum
1670 1567 1774 1609 belli
1805 1567 1850 1608 in
1883 1581 1950 1609 me
1981 1582 2079 1610 con-
2099 1580 2133 1604 20

372 1642 538 1681 vertere
576 1653 663 1680 non
708 1653 919 1692 recusem,
966 1638 1001 1680 si
1047 1639 1173 1680 modo
1219 1654 1314 1680 meo
1356 1653 1457 1681 casu
1496 1642 1570 1680 aut
1615 1638 1868 1681 confirmare
1913 1639 2079 1693 patriae

378 1711 562 1752 salutem
596 1713 670 1751 aut
702 1709 941 1764 periculum
981 1709 1144 1764 possim
1183 1710 1354 1751 morari.
1417 1710 1523 1751 haec
1557 1710 1592 1750 si
1625 1710 1711 1750 iam
1750 1709 1959 1764 expeditis
1993 1724 2080 1751 om-

372 1782 500 1823 nibus
534 1781 661 1822 rebus
695 1780 1017 1835 tranquilloque
1051 1783 1169 1822 statu
1203 1781 1394 1822 civitatis
1427 1781 1653 1835 polliceor,
1694 1781 1739 1821 in
1771 1781 1928 1822 damno
1961 1795 2079 1822 meae

373 1852 512 1894 laudis
546 1852 607 1894 rei
640 1867 677 1906 p.
713 1852 938 1893 commodo
977 1852 1190 1905 laetabor3
1232 1851 1295 1892 sin
1332 1851 1383 1892 ad
1416 1851 1669 1893 societatem
1701 1851 2080 1907 integerrimorum

374 1926 417 1964 et
449 1923 735 1964 maximorum
767 1923 1057 1976 periculorum
1091 1922 1314 1978 accedam,
1345 1922 1526 1964 consilia
1558 1937 1654 1964 mea
1686 1923 1833 1976 aequis
1866 1921 2079 1964 iudicibus
2100 1935 2132 1960 25

374 1994 426 2035 ab
473 1993 789 2048 optrectatione
832 1993 1078 2035 invidorum
1123 1993 1387 2035 defendenda
1430 1993 1692 2035 commendo.
1762 1993 1869 2035 mihi
1909 1993 2082 2048 quidem

376 2065 457 2119 ipsi
490 2064 657 2106 fructus
684 2064 939 2106 meritorum
968 2080 1160 2107 meorum
1193 2065 1235 2105 in
1269 2065 1330 2106 rei
1364 2080 1403 2119 p.
1435 2064 1735 2106 incolumitate
1762 2065 1869 2106 satis
1897 2079 2080 2120 magnus

376 2138 441 2176 est
486 2137 685 2189 paratus3
730 2151 802 2177 eos
848 2151 969 2190 vero,
1014 2136 1087 2190 qui
1133 2151 1273 2177 meam
1318 2135 1624 2178 auctoritatem
1669 2138 1713 2177 et
1757 2135 1895 2177 multo
1942 2136 2080 2191 magis

377 2208 564 2247 vestram
609 2207 736 2248 fidem
782 2207 918 2248 secuti
956 2222 1034 2249 nec
1073 2208 1161 2248 ulla
1207 2222 1281 2261 spe
1326 2207 1464 2261 decipi
1509 2221 1587 2249 nec
1631 2207 1720 2248 ullo
1765 2208 1883 2248 metu
1927 2205 2081 2248 terreri

376 2280 623 2332 potuerunt,
655 2280 703 2319 ut
735 2279 1058 2321 commendatos
1092 2278 1215 2320 vobis
1248 2278 1460 2333 habeatis,
1490 2279 1723 2333 petendum
1755 2278 1934 2320 videtur.
2100 2290 2133 2315 30

1097 2408 1171 2451 IX.
1223 2407 1360 2465 (379.)

900 2502 1168 2545 PLANCVS
1204 2502 1486 2545 CICERONI
1521 2503 1560 2545 S.

496 2584 614 2625 Nihil
666 2601 731 2626 me
772 2586 851 2626 tibi
890 2589 1049 2627 temere
1089 2589 1164 2628 aut
1201 2590 1244 2628 te
1282 2587 1436 2628 ceteris
1474 2587 1523 2627 de
1563 2602 1629 2627 me
1671 2586 1834 2628 frustra
1871 2587 2082 2641 recepisse

381 2656 533 2696 laetor:
576 2659 690 2697 certe
728 2656 810 2697 hoc
851 2657 988 2698 maius
1027 2657 1160 2698 habes
1200 2657 1500 2698 testimonium
1539 2657 1699 2698 amoris
1734 2657 1834 2711 mei,
1873 2671 1958 2711 quo
1997 2672 2081 2698 ma-

500 2786 528 2817 1.
563 2782 708 2829 invitis]
736 2783 887 2818 inuictis
919 2786 957 2817 Ψ
978 2786 988 2828 ΙΙ
1015 2788 1046 2820 4.
1076 2784 1311 2819 denuntiatio
1338 2785 1400 2828 M,
1431 2783 1639 2818 enuntiatio
1667 2784 1747 2818 ΙΙΙ)
1776 2785 1788 2828 ΙΙ
1819 2787 1849 2818 6.
1877 2785 1939 2819 alt.
1967 2784 2080 2819 ctiam

381 2842 445 2863 om.
479 2831 514 2862 ΙΙ
544 2831 555 2874 Η
589 2834 642 2864 10.
672 2831 860 2875 summae]
881 2842 1021 2865 summe
1048 2834 1116 2867 aliz'
1141 2833 1152 2876 Η
1182 2831 1437 2866 defendendae
1464 2832 1545 2865 HD
1576 2833 1587 2876 Η
1622 2835 1673 2866 14.
1701 2830 1944 2877 liberalitate]
1974 2831 2082 2866 liber—

384 2878 458 2909 t-aJt‘¹
498 2877 572 2911 HD
602 2879 613 2921 Η
649 2881 700 2912 15.
736 2877 932 2912 ciuitatum
966 2879 1046 2913 HD
1076 2881 1088 2923 ΙΙ
1124 2884 1174 2914 18.
1210 2879 1290 2924 ipse
1325 2879 1379 2913 ita
1415 2891 1495 2913 sum
1528 2880 1589 2922 M,
1628 2878 1706 2922 ipse
1740 2880 1773 2921 (e
1800 2879 1840 2912 in
1866 2878 1910 2912 H
1934 2881 1973 2913 m
1996 2881 2083 2923 ras.)

384 2923 568 2972 sumbHD
588 2926 598 2967 Η
619 2925 678 2958 uel
705 2926 758 2969 M,
785 2925 827 2959 ut
853 2925 913 2959 uel
941 2925 1020 2959 HD
1039 2928 1050 2969 ΙΙ
1072 2930 1124 2961 19.
1154 2927 1265 2971 tueri,
1289 2954 1299 2971 ‚
1327 2931 1345 2960 1
1374 2928 1444 2962 litt.
1464 2939 1524 2968 er„
1551 2926 1598 2960 M
1613 2927 1623 2969 ΙΙ
1643 2928 1697 2959 20.
1728 2924 1824 2971 <ut>
1849 2925 1924 2971 vel]
1952 2925 2013 2960 uel
2038 2929 2081 2961 Ψ.

386 2971 424 3001 ut
456 2970 499 3004 H.
521 2972 552 3005 I.
575 2972 710 3006 Mssller
728 2973 740 3016 ΙΙ
760 2976 814 3007 23.
842 2972 951 3006 rebus
978 2985 1042 3007 om.
1074 2974 1114 3007 H
1140 2976 1151 3018 Η
1181 2977 1235 3009 25.
1264 2974 1439 3008 accedam
1466 2973 1556 3016 HD,
1584 2971 1759 3006 accedam
1785 2972 1831 3006 ad
1860 2974 1908 3006 M
1921 2974 1932 3017 Η
1953 2977 2007 3008 26.
2036 2973 2083 3008 ab

384 3028 427 3049 ως
455 3017 501 3049 ad
528 3018 573 3050 M
580 3018 585 3038 ¹
619 3020 629 3061 11
661 3022 716 3052 28.
744 3020 810 3054 est.
847 3020 999 3064 paratos
1032 3031 1094 3055 eos
1120 3022 1168 3054 M
1194 3023 1205 3065 Η
1237 3025 1291 3056 29.
1327 3020 1444 3056 secuti
1476 3031 1520 3056 ex
1552 3018 1662 3053 sicuti
1687 3019 1736 3054 M
1761 3020 1773 3064 ΙΙ
1804 3024 1858 3055 33.
1886 3020 1981 3055 nihil
2012 3020 2084 3056 tibi

386 3064 521 3097 temere
548 3076 605 3098 me
633 3066 701 3110 ΗΙΙ
722 3066 766 3099 de
793 3078 856 3100 om.
886 3067 934 3100 M
