2242 3496
380 156 463 197 366
978 152 1024 185 Μ.
1053 150 1191 184 TVLLI
1219 148 1468 184 CICERONIS

377 263 660 305 adulescentis
695 260 892 303 omnibus
926 257 1101 313 optimis
1135 257 1302 298 artibus
1335 259 1534 312 ornatos,
1565 273 1683 300 meos
1716 259 2071 314 pernecessarios,

378 337 452 375 tua
478 333 667 375 amicitia
693 329 980 386 dignissimos.
1031 328 1068 368 si
1094 327 1184 368 ulla
1209 342 1303 369 mea
1323 327 1435 382 apud
1455 330 1498 369 te
1521 329 1837 372 commendatio
1860 331 1995 372 valuit
2016 355 2072 361 —

378 405 489 459 quod
517 404 617 457 scio,
649 402 805 442 multas
832 399 1066 454 plurimum
1092 397 1277 440 valuisse
1304 422 1374 452 -,
1405 398 1511 440 haec
1537 401 1586 440 ut
1614 400 1765 455 valeat,
1790 414 1909 456 rogo.
1958 401 2072 456 quod

377 476 412 516 si
440 490 511 516 cos
538 472 770 514 honorifice
796 469 1117 523 liberaliterque
1144 469 1358 523 tractariS,
1384 471 1428 509 et
1455 468 1536 510 tibi
1563 470 1838 524 gratissimos
1865 471 2071 526 optimos-

377 560 456 599 que
489 542 770 585 adulescentis
802 540 1045 581 adiunxeris
1079 542 1122 581 et
1153 539 1261 580 mihi
1292 539 1592 595 gratissimum
1623 540 1785 583 feceris.
2107 557 2123 583 5

1102 669 1211 711 XLI.
1257 668 1336 727 (9.)

903 764 1116 807 CICERO
1152 763 1459 807 CVLLEOLO
1494 764 1534 807 s.

488 859 603 908 Quae
641 859 782 901 fecisti
814 859 860 900 L.
893 858 1064 900 Lucceii
1104 861 1249 913 causa,
1295 859 1403 901 scire
1441 862 1484 901 te
1522 859 1649 914 plane
1687 860 1785 902 volo
1823 863 1866 903 te
1903 861 2068 904 homini

372 931 618 986 gratissimo
646 931 949 984 commodasse,
977 932 1020 970 et
1047 944 1143 971 cum
1168 929 1265 984 ipsi,
1292 944 1401 984 quae
1428 929 1582 985 fecisti,
1607 934 1812 987 pergrata
1837 935 1950 986 sunt,
1975 935 2069 974 tum

372 1002 612 1056 Pompeius,
639 1001 1022 1055 quotienscumque
1048 1015 1116 1042 me
1143 1000 1260 1042 videt
1280 1025 1334 1031 -—
1356 1001 1473 1042 videt
1500 1004 1643 1044 autem
1665 1017 1789 1057 saepe
1811 1026 1879 1058 —,
1903 1002 2067 1058 gratias
2088 1018 2121 1043 10

371 1073 450 1114 tibi
483 1074 573 1127 agit
606 1072 854 1128 singularis,
887 1072 995 1113 addo
1029 1072 1160 1113 etiam
1192 1072 1311 1127 illud,
1344 1073 1457 1126 quod
1482 1072 1565 1114 tibi
1591 1073 1950 1115 iucundissimum
1976 1089 2068 1116 esse

372 1146 487 1184 certo
527 1143 632 1197 scio,
673 1157 740 1183 me
778 1142 921 1197 ipsum
959 1157 1010 1184 ex
1048 1145 1124 1183 tua
1162 1157 1265 1198 erga
1302 1142 1535 1185 Lucceium
1574 1144 1843 1199 benignitate
1882 1145 2070 1187 maxima

325 1227 342 1255 2
371 1214 591 1267 voluptate
625 1213 759 1255 adfici.
818 1213 931 1268 quod
964 1216 1177 1268 superest,
1211 1228 1473 1269 quamquam
1503 1214 1612 1256 mihi
1648 1229 1736 1257 non
1774 1218 1841 1257 est
1879 1216 2070 1272 dubium,

369 1284 489 1338 quin,
533 1299 628 1325 cum
668 1287 795 1325 antea
831 1287 982 1326 nostra
1021 1299 1167 1339 causa,
1211 1300 1324 1326 nunc
1368 1286 1456 1327 iam
1495 1286 1626 1327 etiam
1664 1289 1762 1328 tuae
1801 1287 2069 1329 constantiae

369 1355 508 1409 gratia
539 1369 766 1396 mansurus
801 1355 858 1396 sis
891 1355 936 1396 in
969 1355 1116 1397 eadem
1148 1356 1235 1397 ista
1266 1356 1554 1411 liberalitate,
1586 1359 1733 1398 tamen
1764 1372 1840 1412 aps
1873 1361 1916 1399 te
1948 1358 2124 1400 vebs-'15

367 1428 532 1467 menter
565 1426 695 1467 etiam
728 1429 855 1481 atque
889 1427 1021 1468 etiam
1052 1429 1167 1482 peto,
1199 1430 1247 1469 ut
1280 1442 1340 1481 ea,
1374 1442 1481 1482 quae
1512 1428 1639 1470 initio
1672 1428 1923 1484 ostendisti,
1955 1429 2071 1470 dein·

368 1510 464 1550 ceps
490 1496 642 1552 fecisti,
675 1498 727 1538 ad
753 1497 916 1539 exitum
943 1498 1092 1553 augeri
1119 1501 1162 1539 et
1188 1498 1397 1540 cumulari
1423 1514 1500 1553 per
1525 1501 1567 1540 te
1594 1499 1718 1541 velis:
1745 1499 1789 1540 id
1815 1502 1858 1541 et
1883 1498 2069 1542 Lucceio

367 1569 409 1607 et
441 1566 646 1621 Pompeio
678 1568 801 1610 valde
833 1571 1007 1624 gratum
1039 1568 1130 1610 fore
1164 1572 1292 1625 teque
1330 1572 1434 1625 aput
1466 1584 1539 1611 eos
1570 1571 1791 1625 praeclare
1822 1571 2069 1625 positurum

368 1638 572 1680 confirmo
606 1641 649 1679 et
681 1639 882 1693 spondeo.
940 1640 990 1681 de
1017 1654 1062 1681 re
1088 1655 1129 1694 p.
1156 1640 1290 1695 deque
1322 1641 1390 1682 his
1422 1640 1609 1696 negotiis
1643 1641 2069 1697 cogitationibusque

366 1709 526 1750 nostris
564 1709 898 1764 perscripseram
937 1710 990 1751 ad
1028 1714 1070 1752 te
1109 1711 1341 1766 diligenter
1378 1712 1527 1766 paucis
1573 1715 1673 1754 ante
1717 1713 1867 1755 diebus
1912 1727 2069 1767 easque
2089 1734 2124 1759 20

366 1779 533 1820 litteras
568 1780 766 1822 dederam
796 1781 941 1836 pueris
975 1781 1074 1824 tuis.
1132 1782 1236 1824 vale.

1086 1912 1222 1954 XLII.
1267 1912 1346 1969 (8.)

645 2005 701 2047 M.
729 2005 941 2049 CICERO
978 2005 1019 2049 s,
1053 2007 1102 2049 D.
1135 2007 1183 2051 L.
1211 2007 1518 2050 CVLLEOLO
1552 2007 1789 2051 PROCOS.

484 2099 531 2141 L.
557 2099 778 2156 Lucceius,
810 2116 929 2143 meus
962 2101 1203 2158 familiaris,
1234 2103 1365 2144 homo
1400 2103 1592 2145 omnium
1625 2104 1920 2159 gratissimus,
1953 2103 2069 2145 miri-

367 2170 467 2211 ficas
500 2171 581 2211 tibi
614 2172 725 2226 apud
752 2187 818 2213 me
846 2173 1009 2228 gratias
1036 2174 1138 2229 egit,
1171 2189 1268 2216 cum
1294 2175 1456 2216 diceret
1483 2175 1628 2216 omnia
1653 2178 1697 2216 te
1725 2174 2067 2216 cumulatissime
2087 2196 2122 2222 25

368 2244 410 2281 ct
441 2241 740 2284 liberalissime
772 2244 1129 2297 procuratoribus
1163 2245 1252 2287 suis
1278 2245 1524 2300 pollicitum
1551 2260 1665 2287 esse:
1699 2261 1796 2288 cum
1823 2245 1964 2287 oratio
1991 2248 2068 2287 tua

367 2314 456 2352 tam
488 2312 526 2353 ei
558 2316 682 2369 grata
714 2313 864 2368 fuerit,
897 2329 1025 2369 quam
1058 2318 1229 2370 gratam
1261 2331 1353 2358 rem
1385 2316 1526 2371 ipsam
1558 2316 1783 2358 existimas
1814 2316 1926 2372 fore,
1957 2331 2067 2371 cum,

367 2385 414 2422 ut
448 2398 583 2438 spero,
617 2399 723 2438 quae
755 2386 976 2439 pollicitus
1010 2401 1067 2442 es,
1098 2386 1270 2429 feceris!
1329 2388 1502 2429 omnino
1536 2388 1817 2429 ostenderunt
1842 2387 2066 2429 Bulliones

322 2486 339 2495 „
368 2467 457 2493 sese
490 2453 671 2496 Lucceio
710 2455 889 2511 Pompei
928 2457 1144 2499 arbitratu
1185 2458 1292 2500 satis
1335 2458 1545 2513 facturos3
1592 2459 1665 2500 sed
1701 2461 1922 2500 vementer
1959 2473 2066 2513 opus

365 2526 430 2564 est
454 2525 579 2566 nobis
608 2528 650 2566 et
675 2527 943 2569 voluntatem
971 2531 1014 2570 et
1041 2529 1349 2571 auctoritatem
1375 2533 1418 2571 et
1443 2530 1673 2584 imperium
1702 2532 1827 2571 tuum
1853 2530 2065 2585 accedere,
2084 2551 2119 2576 30

367 2596 479 2647 quod
512 2599 559 2636 ut
589 2596 734 2652 facias,
766 2600 808 2639 te
842 2599 973 2640 etiam
1006 2602 1135 2654 atque
1168 2601 1301 2642 etiam
1333 2615 1452 2656 rogo.
1509 2601 1700 2655 illudque
1732 2600 1840 2641 mihi
1873 2600 2065 2656 gratissi-

367 2679 483 2705 mum
516 2668 594 2716 est,
627 2668 736 2720 quod
770 2669 832 2709 ita
865 2670 1007 2711 sciunt
1040 2670 1194 2713 Luccei
1227 2674 1529 2726 procuratores
1563 2674 1606 2713 et
1638 2671 1701 2712 ita
1729 2670 1938 2713 Lucceius
1971 2671 2064 2726 ipse

367 2750 416 2775 cx
453 2735 611 2778 litteris
650 2738 753 2793 tuis,
798 2754 902 2793 quas
941 2742 992 2782 ad
1031 2757 1128 2783 eum
1173 2743 1350 2798 misisti,
1394 2742 1627 2797 intellexit,
1670 2742 1860 2784 hominis
1903 2742 2063 2784 nullius

484 2868 513 2898 3.
541 2864 633 2900 haec
658 2867 700 2899 ut
723 2867 784 2911 M,
815 2867 908 2902 haec
934 2869 1014 2902 HD
1045 2871 1056 2914 Η
1087 2873 1118 2905 4.
1145 2869 1302 2904 tactaris
1329 2870 1377 2904 M
1397 2872 1408 2915 Η
1435 2873 1465 2905 7.
1494 2869 1645 2904 culliolo
1672 2870 1754 2905 HD
1778 2871 1789 2914 Η
1819 2872 1850 2904 9.
1878 2879 2062 2903 commen-

368 2909 474 2944 dasse
500 2912 549 2944 M
567 2915 578 2954 Η
605 2916 657 2947 10.
685 2924 743 2947 me
767 2913 873 2948 uidet
898 2915 946 2959 D,
974 2926 1031 2950 me
1056 2915 1155 2950 uidit
1179 2917 1270 2951 MH
1296 2919 1307 2961 Η
1340 2921 1394 2952 14.
1423 2917 1514 2961 quin
1539 2917 1632 2960 HD,
1657 2916 1722 2960 qui
1747 2916 1797 2951 M
1823 2918 1834 2960 Η
1868 2918 1921 2951 15.
1949 2915 1998 2950 sis
2024 2916 2064 2950 in

368 2957 463 2999 HD,
489 2958 539 2991 sis
566 2958 622 2992 sin
647 2961 695 2993 M
727 2963 738 3005 Η
777 2965 828 2995 19.
858 2962 1148 3006 cogitationibus
1175 2964 1221 2998 H
1251 2966 1262 3008 Η
1300 2968 1355 2999 21.
1382 2964 1466 2999 vale
1492 2976 1557 2999 om.
1585 2964 1631 2998 H
1663 2967 1673 3008 Η
1710 2966 1765 2998 23.
1794 2962 2061 3009 CVLLEOLO]

368 3002 505 3037 lucceio
531 3005 662 3049 (luceio
684 3008 735 3051 D)
759 3011 798 3041 Ψ
820 3013 853 3043 et
871 3010 947 3044 ind.
969 3010 1058 3044 MH
1073 3012 1084 3055 Η
1103 3014 1158 3045 24.
1179 3022 1283 3045 meus
1303 3011 1500 3045 familiaris
1520 3010 1612 3054 HD,
1632 3021 1734 3044 meus
1756 3010 1805 3043 M
1819 3011 1831 3053 Η
1850 3013 1906 3045 28.
1927 3010 2062 3044 bullio-

368 3060 431 3082 nes
455 3053 492 3083 Ψ
513 3053 574 3102 ’(0Ῑῖ
595 3054 722 3097 Zippel
744 3055 791 3089 ‘d.
813 3059 898 3090 rO‘m.
919 3056 1137 3101 Herrschaft
1155 3059 1197 3092 in
1214 3059 1342 3103 Illyr.’
1371 3059 1472 3103 Lfips.
1496 3060 1586 3091 1877
1608 3068 1646 3101 1).
1669 3059 1739 3102 10),
1764 3055 1994 3092 bullidenses
2015 3069 2036 3095 ς
2050 3058 2062 3104 :l

368 3099 422 3130 329.
451 3099 540 3130 satis
567 3099 730 3134 facturus
758 3102 805 3135 M
819 3104 830 3147 Η
850 3103 1086 3138 uehementer
1112 3105 1192 3138 HD
1211 3106 1222 3149 Η
1243 3108 1297 3140 31.
1324 3104 1483 3149 illutque
1509 3105 1559 3138 M
2058 3107 2061 3109 ’
