2242 3496
661 205 994 241 EPISTVLARVM
1023 207 1081 241 Vl.
1110 213 1139 241 3.
1170 213 1198 241 4.
1698 209 1776 249 133

798 372 872 415 1v.
923 373 1059 431 (284.)

481 478 537 520 M.
569 478 781 522 CICERO
817 479 857 522 S.
889 480 940 522 D.
973 481 1022 522 A.
1054 481 1381 531 TORQVATO.

198 581 332 638 Novi,
376 585 487 639 quod
531 585 582 626 ad
621 588 662 627 te
702 586 954 640 scriberem,
998 587 1104 628 nihil
1148 590 1260 642 erat,
1305 590 1347 629 et
1385 591 1550 643 tamen,
1594 589 1630 630 si
1675 588 1774 644 quid

79 655 212 708 esset,
256 653 444 695 sciebam
485 658 527 696 te
566 671 589 696 a
627 656 712 697 tuis
753 657 980 698 certiorem
1019 658 1109 698 ficri
1149 658 1304 714 solere,
1347 659 1397 700 de
1434 659 1592 700 futuris
1631 662 1774 701 autem

42 725 206 769 srebus
249 725 331 766 etsi
378 739 548 779 semper
597 726 816 768 difficilest
862 727 1020 782 dicere,
1071 731 1214 770 tamen
1264 729 1479 771 interdum
1529 730 1775 772 coniectura

78 796 219 852 possis
256 795 435 851 propius
474 797 692 851 accedere,
732 812 824 838 cun]
866 801 932 840 est
970 813 1036 840 res
1075 799 1301 854 eiusmodi,
1343 801 1462 842 cuius
1502 801 1642 842 exitus
1680 816 1774 856 pro-

79 867 213 909 videri
256 867 408 922 possit.
476 882 588 908 nunc
632 870 803 909 tantum
847 868 1041 910 videmur
1086 869 1351 925 intellegere,
1395 886 1481 912 non
1525 871 1774 914 diuturnum

77 938 251 993 bellum,
283 938 365 980 etsi
396 938 439 979 id
471 938 614 992 ipsum
645 939 864 980 nonnullis
891 939 1084 981 videmur
1116 955 1249 982 secus.
1302 941 1508 995 equidem,
1542 957 1637 983 cum
1669 942 1774 984 haec

77 1009 335 1064 scribebam,
372 1009 535 1063 aliquid
575 1009 660 1050 iam
700 1012 846 1051 actum
882 1010 1090 1064 putabam
1127 1013 1252 1063 †non
1289 1026 1372 1066 quo
1412 1012 1484 1053 sed
1523 1013 1634 1066 quod
1667 1012 1775 1053 disfi-

26 1079 173 1124 meilis
214 1082 307 1122 erat
350 1080 619 1135 coniectura3
661 1095 783 1135 nam,
827 1094 923 1122 cum
969 1081 1107 1122 omnis
1151 1081 1254 1123 belli
1293 1081 1410 1123 Mars
1456 1083 1693 1124 communis
1731 1086 1774 1124 et

77 1166 175 1194 cum
207 1165 376 1206 semper
413 1151 569 1192 incerti
601 1151 741 1192 exitus
774 1151 1039 1205 proeliorum
1077 1154 1195 1206 sunt,
1237 1155 1330 1193 tum
1369 1152 1450 1195 hoc
1487 1155 1680 1208 tempore
1713 1154 1774 1195 ita

76 1236 259 1278 magnae
302 1221 522 1276 utrimque
567 1221 736 1276 copiae,
784 1222 845 1263 ita
888 1225 1063 1277 paratae
1109 1223 1161 1264 ad
1205 1223 1535 1278 depugnandum
1579 1239 1671 1266 esse
1715 1224 1774 1265 di-

77 1296 250 1348 cuntur,
293 1295 360 1348 ut,
404 1295 684 1347 utercumque
723 1293 893 1347 vicerit,
933 1308 1020 1335 non
1061 1294 1119 1335 sit
1157 1294 1313 1335 mirum
1350 1293 1555 1335 futurum.
1616 1295 1692 1336 illa
1729 1295 1773 1337 in

76 1363 166 1406 dies
199 1364 395 1420 singulos
428 1363 568 1419 magis
600 1363 825 1419 magisque
853 1364 998 1418 opinio
1031 1363 1253 1406 hominum
1281 1364 1572 1420 confirmatur,
1604 1365 1775 1407 etiamsi

24 1453 56 1478 15
76 1435 190 1477 inter
227 1449 377 1477 causas
420 1449 639 1477 armorum
681 1435 952 1489 aliquantum
995 1434 1188 1490 intersit,
1233 1438 1380 1476 tamen
1420 1435 1533 1477 inter
1571 1436 1774 1478 victorias

74 1521 162 1548 non
187 1506 374 1548 multum
405 1505 734 1547 interfuturum:
766 1505 926 1547 alteros
958 1506 1269 1560 propemodum
1301 1506 1386 1547 iam
1419 1498 1565 1548 sumus
1599 1507 1774 1562 experti,

75 1577 126 1620 de
159 1577 309 1633 altero,
340 1591 466 1619 nemo
499 1579 566 1618 est
598 1577 702 1631 quin
732 1577 908 1632 cogitet,
941 1592 1068 1633 quam
1101 1577 1158 1618 sit
1190 1577 1442 1618 metuendus
1474 1578 1609 1619 iratus
1636 1578 1774 1620 victor

76 1650 280 1691 armatus.
347 1648 430 1690 hoc
474 1647 569 1690 loco
614 1647 651 1689 si
694 1648 842 1690 videor
886 1662 1060 1703 augere·
1089 1648 1281 1690 dolorem
1324 1651 1467 1703 tuum,
1511 1638 1638 1703 quem
1679 1663 1774 1690 con-

77 1720 255 1762 solando
292 1719 435 1762 levare
477 1719 672 1774 debeam,
716 1719 856 1761 fateor
894 1734 961 1761 me
1001 1719 1293 1761 communium
1335 1718 1546 1760 malorum
1586 1719 1774 1761 consola-

21 1807 56 1832 20
74 1791 238 1834 tionem
263 1790 429 1832 nullam
459 1789 650 1832 invenire
675 1793 847 1845 praeter
878 1790 999 1832 illam
1024 1814 1083 1820 —-
1109 1805 1216 1845 quae
1249 1793 1407 1844 tamen,
1439 1790 1476 1831 si
1507 1790 1647 1844 possis
1680 1805 1773 1832 eam

74 1862 312 1917 suscipere,
357 1861 547 1903 maxima
591 1864 657 1902 est
701 1875 870 1916 quaque
916 1875 996 1917 ego
1041 1861 1197 1903 cotidie
1241 1860 1380 1918 magis
1424 1863 1524 1902 utor
1555 1877 1634 1902 —:
1679 1875 1772 1902 con-

74 1932 299 1975 scientiam
349 1935 490 1974 rectae
534 1932 774 1974 voluntatis
819 1932 1051 1974 maximam
1101 1932 1442 1974 consolationem
1488 1946 1580 1973 esse
1631 1946 1773 1972 rerum

73 2004 443 2046 incommodarum
483 2019 560 2046 nec
599 2018 691 2046 esse
728 2004 867 2045 ullum
911 2018 1118 2060 magnum
1161 2003 1323 2045 malum
1366 2005 1538 2058 praeter
1583 2002 1772 2057 culpam:

73 2090 98 2117 a
129 2089 213 2130 qua
245 2075 449 2131 quoniam
475 2077 646 2117 tantum
673 2075 891 2130 absumus,
922 2079 972 2116 ut
998 2075 1130 2116 etiam
1157 2074 1317 2129 optime
1345 2073 1619 2128 senserimus,
1650 2087 1771 2114 even-

18 2161 52 2187 25
73 2149 230 2202 tusque
273 2145 413 2203 magis
456 2146 599 2188 nostri
649 2145 815 2188 consilii
868 2160 996 2200 quam
1047 2145 1273 2186 consilium
1322 2144 1679 2199 reprehendatur,
1729 2146 1772 2184 et

74 2217 277 2272 quoniam
327 2217 649 2273 praestitimus,
698 2217 811 2272 quod
862 2216 1108 2270 debuimus,
1159 2210 1400 2270 moderate,
1453 2215 1565 2269 quod
1620 2214 1770 2268 evenit,

72 2287 272 2331 feramus.
335 2289 408 2331 sed
445 2289 528 2331 hoc
567 2288 674 2330 mihi
712 2290 859 2329 tamen
890 2302 977 2328 non
1015 2300 1157 2341 sumo,
1194 2288 1243 2327 ut
1274 2289 1316 2327 te
1350 2284 1546 2327 consoler
1578 2286 1628 2327 de
1661 2299 1771 2327 com-

74 2359 276 2401 mum'bus
320 2359 528 2415 miseriis,
579 2374 687 2414 quae
738 2359 791 2400 ad
842 2358 1149 2400 consolandum
1198 2356 1374 2398 maioris
1424 2356 1587 2411 ingenii
1631 2358 1675 2396 et
1718 2355 1769 2396 ad

192 2491 223 2524 3.
251 2487 351 2532 quod
383 2488 436 2530 R,
470 2488 560 2532 quid
593 2488 674 2523 MG
705 2489 717 2532 Η
750 2490 780 2522 5.
815 2485 1004 2521 difficilest
1029 2485 1106 2529 M¹‚
1140 2484 1291 2519 difficile
1324 2485 1382 2518 est
1406 2483 1554 2519 M⁰GR
1585 2483 1596 2526 11
1628 2485 1660 2518 6.
1687 2493 1769 2516 cum

73 2547 130 2570 res
162 2537 219 2570 est
251 2535 464 2570 huiusmodi
489 2536 526 2571 R
559 2537 570 2579 11
602 2539 632 2570 7.
661 2538 692 2569 8.
720 2533 942 2581 (futurum)
974 2532 1115 2567 bellum
1147 2533 1294 2575 Baiter,
1324 2530 1465 2565 bellum
1497 2529 1631 2576 (fore)
1658 2530 1768 2564 Lam-

73 2583 181 2618 binus
199 2584 211 2627 ΙΙ
231 2587 261 2617 8.
288 2579 459 2617 uidemur
477 2583 569 2626 MG,
597 2582 746 2616 uidetur
765 2582 811 2616 R.
839 2582 881 2616 de
908 2591 1011 2614 secus
1032 2593 1062 2615 v.
1083 2580 1129 2623 cf.
1150 2580 1245 2614 Boot
1265 2579 1313 2613 ad
1336 2577 1406 2613 Cic.
1428 2578 1477 2613 ad
1496 2577 1571 2612 Att.
1587 2577 1614 2620 Ι,
1631 2579 1684 2620 19,
1701 2579 1743 2610 11
1758 2577 1769 2615 ’.ᾗ

74 2633 105 2665 9.
134 2633 188 2664 10.
214 2640 288 2665 non
313 2641 386 2674 quo
412 2629 478 2665 sed
504 2630 602 2674 quod
630 2628 810 2674 difficilis]
837 2628 903 2662 Mc
928 2628 982 2662 vel
1007 2627 1055 2661 M
1060 2631 1071 2648 ¹
1106 2626 1143 2660 in
1177 2637 1242 2671 my.
1275 2626 1431 2668 desectus
1461 2625 1604 2670 siynum
1630 2624 1678 2658 ad
1704 2623 1768 2657 sed

72 2678 226 2712 relatum
252 2679 386 2722 posuit.
426 2687 500 2711 non
526 2688 598 2721 quo
626 2676 723 2722 (ego
750 2678 848 2709 certo
876 2673 1020 2720 sciam>
1055 2674 1137 2717 (alii
1163 2672 1365 2718 <scirem>)
1391 2672 1456 2706 sed
1487 2670 1586 2715 quod
1612 2669 1769 2717 (haud)

73 2723 108 2759 d.
136 2734 168 2769 ς,
194 2735 268 2759 non
293 2735 366 2769 quo
389 2745 430 2750 —-
448 2745 489 2749 —
513 2724 578 2759 sed
603 2723 716 2768 quid?
743 2722 776 2757 d.
807 2722 930 2765 Orelli,
956 2732 1030 2755 non
1055 2720 1249 2764 quomodo,
1277 2719 1342 2753 sed
1361 2718 1463 2763 quid,
1490 2718 1524 2753 d.
1546 2718 1769 2762 lVesenbery,

74 2771 140 2806 sed
176 2771 267 2816 quid
304 2772 443 2808 omissis
479 2782 553 2806 non
591 2781 663 2815 quo
700 2782 731 2805 v.
765 2770 904 2804 Schiitz.
949 2769 1151 2811 scripserim
1186 2768 1246 2811 (ef.
1280 2778 1366 2801 ami.
1397 2766 1489 2810 phil.
1519 2768 1608 2799 1891
1630 2777 1669 2809 p.
1691 2766 1767 2808 75):

72 2819 253 2863 putabam
280 2840 321 2844 —
347 2830 422 2854 non
447 2830 520 2863 quo
547 2817 748 2853 secundum
775 2826 883 2860 quos:
917 2814 1080 2849 difficilis
1107 2815 1188 2848 erat
1212 2813 1438 2856 coniectura3
1464 2823 1561 2846 nam.
1597 2816 1702 2856 atque
1727 2812 1768 2845 in

73 2876 147 2900 non
185 2877 257 2910 quo
294 2867 437 2912 quidem
471 2866 588 2901 verbis
623 2864 733 2908 facile
769 2863 1001 2898 excusabitur
1038 2862 1174 2906 ellipsis
1204 2881 1249 2886 —
1279 2865 1370 2896 recte
1406 2860 1595 2895 Lehmann
1631 2861 1684 2903 (p.
1706 2859 1766 2903 81)

73 2925 227 2960 contulit
253 2924 324 2960 Gic.
351 2926 400 2961 acl
425 2924 501 2960 Att.
527 2924 571 2968 V,
593 2927 624 2968 4,
650 2927 664 2957 1
689 2943 749 2966 —‚
782 2920 983 2956 secundum
1009 2919 1100 2965 (scd)
1126 2930 1217 2964 quos
1242 2923 1284 2954 ut
1309 2919 1417 2962 facile
1451 2918 1609 2962 efficitur
1633 2927 1678 2952 ex
1702 2916 1767 2952 sed

74 2971 190 3016 quod,
227 2972 281 3007 ita
315 2973 536 3007 translatum
567 2983 590 3005 a
620 2971 783 3004 iudicum
820 2969 997 3003 sententia
1031 2968 1091 3010 (cf.
1125 2966 1348 3002 Studemund
1389 2965 1606 3000 ‘Bw-eszauer
1637 2964 1765 3008 philol.

74 3017 272 3054 Abhandl.’
301 3018 346 3064 Π,
367 3023 398 3054 3.
428 3022 528 3053 1888.
551 3016 760 3063 1>.XXV[1)
793 3016 841 3050 acl
873 3014 1012 3049 Martis
1045 3015 1222 3050 iudicium
1255 3015 1295 3048 in
1331 3013 1522 3057 epistulari
1552 3011 1767 3056 praesertim

75 3065 236 3100 libertate
260 3077 336 3100 ‘non
360 3067 520 3109 offendit.
559 3066 603 3107 cf.
632 3065 739 3099 etiam
763 3063 845 3096 Tac.
865 3063 944 3096 hist.
967 3061 1027 3105 ΙΙΙ,
1051 3064 1088 3096 7.·
1115 3061 1215 3106 ‘post
1239 3059 1422 3106 principia
1447 3058 1538 3093 belli
1565 3057 1766 3093 secundum

74 3110 275 3147 Flavianos
301 3111 404 3147 data'
432 3114 444 3158 ΙΙ
470 3115 524 3148 17.
551 3111 679 3157 quam]
706 3121 789 3144 cum
814 3110 848 3143 ,Ω
873 3111 884 3154 Η
912 3112 963 3142 18.
992 3110 1174 3154 augerem,
1203 3112 1220 3142 1
1250 3109 1317 3143 litt.
1343 3118 1404 3150 er.‚
1430 3106 1511 3140 MR
1535 3107 1547 3150 ΙΙ
1575 3108 1628 3140 19.
1656 3105 1765 3140 debe-

74 3157 163 3192 bam
187 3170 208 3196 ς
227 3160 240 3203 ΙΙ
257 3158 439 3194 maiorum
465 3159 514 3194 M
527 3160 539 3204 ΙΙ
559 3161 613 3194 28.
640 3168 735 3203 quae
760 3155 852 3204 (et)
879 3155 927 3190 ad
953 3156 1021 3190 alii
