2242 3496
400 168 479 209 156
997 162 1045 196 Μ.
1073 161 1212 195 TVLLI
1239 160 1489 195 CICERONIS

393 274 629 329 sapientiae
657 278 775 327 tuae3
809 272 875 312 sin
900 271 1018 325 haec,
1050 284 1158 324 quae
1187 269 1318 312 ceteri
1344 269 1569 324 mirantur,
1596 269 1908 312 contemnenda
1934 269 2096 310 duxisti

392 349 452 401 et,
492 361 588 388 cum
625 359 701 399 per
739 341 1029 384 valetudinem
1066 355 1234 395 posses,
1275 340 1420 382 venire
1453 342 1599 382 tamen
1629 340 1828 395 noluisti,
1865 342 2096 394 utrumque

395 418 545 471 laetor,
577 419 619 457 et
652 415 741 455 sine
775 413 920 454 dolore
954 412 1147 467 corporis
1181 414 1223 452 te
1256 411 1390 453 fuisse
1423 413 1466 452 et
1499 411 1642 452 animo
1675 410 1873 466 valuisse,
1906 425 2003 452 cum
2035 425 2095 465 ea,

395 503 501 543 quae
536 487 625 527 sine
659 499 788 527 causa
820 484 1033 525 mirantur
1066 483 1158 538 alii,
1195 481 1455 538 neglexeris,
1497 482 1623 523 modo
1658 485 1705 523 ut
1736 482 1818 523 tibi
1851 481 2096 524 constiterit

393 559 557 599 fructus
591 555 670 596 otii
702 555 784 609 tui,
828 568 911 609 quo
946 554 1117 608 quidem
1150 553 1232 594 tibi
1264 552 1427 607 perfrui
1461 553 1639 594 mirifice
1671 553 1812 608 licuit,
1851 568 1947 595 cum
1979 567 2094 594 esses

394 631 437 670 in
468 629 553 669 ista
585 626 847 667 amoenitate
880 639 1014 680 paene
1047 625 1164 666 solus
1198 624 1386 665 relictus.
1447 638 1585 678 neque
1618 627 1763 665 tamen
1795 624 1960 680 dubito,
1992 623 2095 678 quin

394 703 439 741 tu
471 699 515 740 in
546 698 622 739 illo
657 697 855 738 cubiculo
888 700 982 751 tuo,
1023 711 1073 737 ex
1107 710 1190 750 quo
1230 695 1312 736 tibi
1346 693 1603 736 Stabianum
1639 694 1874 750 perforasti
1905 697 1949 737 et
1979 697 2095 750 pate—

390 770 531 811 fecisti
575 769 785 823 †senum,
829 782 905 822 per
945 782 1017 809 eos
1057 767 1145 808 dies
1188 766 1402 808 matutina
1445 769 1643 821 tempora
1686 765 1959 810 lectiunculis
1999 780 2094 808 con-

391 840 644 894 sumpseris,
689 854 786 880 cum
832 838 896 879 illi
939 838 1125 893 interea,
1171 838 1243 892 qui
1287 841 1330 879 te
1374 837 1474 878 istic
1519 837 1805 892 reliquerunt,
1849 839 2095 892 spectarent

381 911 629 953 communis
676 910 831 951 mimos
877 909 1137 951 semisomni.
1212 908 1400 963 reliquas
1445 923 1545 950 vero
1596 908 1732 962 partis
1777 908 1860 949 diei
1905 910 1954 949 tu
1998 922 2093 950 con-

391 983 591 1023 sumebas
624 981 684 1022 613
718 980 1090 1035 delectationibus,
1124 994 1229 1035 quas
1262 980 1344 1021 tibi
1376 980 1460 1034 ipsi
1493 980 1546 1021 ad
1579 980 1806 1021 arbitrium
1832 983 1956 1021 tuum
1983 993 2094 1021 com-

390 1067 587 1107 pararas,
639 1052 765 1094 nobis
817 1053 961 1093 autem
1012 1054 1135 1098 erant
1185 1066 1234 1092 ea
1282 1051 1584 1106 perpetienda,
1634 1066 1741 1105 quae
1788 1050 1857 1105 Sp.
1902 1050 2092 1092 Maecius

343 1136 362 1165 2
390 1123 673 1179 probavisset.
737 1123 929 1177 omnino,
975 1122 1011 1164 si
1051 1122 1240 1178 quaeris,
1283 1122 1373 1163 ludi
1411 1122 1751 1177 apparatissimi,
1795 1122 1868 1163 sed
1904 1136 1992 1164 non
2029 1121 2093 1163 tui

394 1195 624 1251 stomachi3
669 1194 961 1237 coniecturam
1003 1193 1117 1235 enim
1155 1193 1266 1236 facio
1306 1194 1356 1235 de
1395 1208 1508 1235 meo:
1551 1208 1652 1234 nam
1690 1193 1879 1248 primum
1915 1192 2092 1234 honoris

391 1281 520 1309 causa
551 1266 595 1308 in
630 1281 828 1308 scaenam
859 1265 1077 1307 redierant
1109 1265 1166 1321 61,
1208 1279 1315 1320 quos
1355 1279 1435 1321 ego
1473 1265 1651 1307 honoris
1685 1279 1814 1306 causa
1853 1265 1903 1306 de
1942 1279 2095 1306 scaena

389 1339 561 1380 decesse
607 1337 870 1393 arbitrabar3
915 1336 1092 1379 deliciae
1133 1351 1234 1378 vero
1279 1339 1400 1392 tuae,
1440 1338 1589 1378 noster
1627 1335 1842 1391 Aesopus,
1885 1334 2094 1377 eiusmodi

388 1409 489 1464 fuit,
528 1412 577 1450 ut
609 1408 647 1450 ei
681 1408 874 1450 desinere
905 1423 983 1462 per
1016 1408 1155 1450 omnis
1188 1407 1384 1450 homines
1417 1408 1583 1449 liceret:
1625 1407 1661 1449 is
1692 1407 1835 1449 iurare
1874 1421 1971 1449 cum
2004 1420 2095 1448 coe-

386 1481 535 1535 pisset,
566 1494 649 1521 vox
676 1494 774 1521 eum
801 1479 957 1521 defecit
989 1479 1034 1521 in
1066 1480 1143 1521 illo
1176 1480 1289 1521 loco:
1323 1478 1376 1521 tsi
1409 1479 1547 1521 sciens
1579 1478 1712 1521 fallo.⁹
1770 1478 1872 1533 quid
1898 1477 1981 1519 tibi
2013 1491 2093 1533 ego

384 1551 469 1594 alia
499 1551 701 1593 narrem?
745 1551 862 1592 nosti
901 1551 1016 1593 enim
1056 1551 1246 1605 reliquos
1284 1551 1427 1606 ludos,
1468 1550 1540 1605 qui
1571 1565 1623 1592 ne
1655 1550 1699 1591 id
1732 1549 1903 1604 quidem
1934 1549 2095 1604 leporis

383 1624 645 1677 habuerunt,
691 1623 804 1677 quod
845 1623 987 1664 solent
1026 1622 1261 1664 mediocres
1300 1622 1408 1678 ludi3
1453 1624 1689 1676 apparatus
1728 1621 1842 1663 enim
1880 1620 2093 1676 spectatio

386 1695 571 1736 tollebat
604 1708 775 1736 omnem
806 1693 1086 1749 hilaritatem,
1121 1708 1205 1748 quo
1240 1693 1413 1747 quidem
1445 1696 1655 1747 apparatu
1686 1707 1773 1735 non
1805 1692 1956 1734 dubito
1990 1690 2094 1746 quin

388 1766 531 1808 animo
566 1765 825 1820 aequissimo
859 1765 1066 1820 carueris3
1099 1764 1200 1819 quid
1234 1764 1349 1806 enim
1382 1764 1681 1806 delectationis
1712 1764 1876 1805 habent
1908 1762 2092 1805 sescenti

386 1837 494 1878 muli
520 1838 564 1878 in
594 1835 946 1891 ‘Clytaemestra’
980 1838 1054 1877 aut
1079 1836 1125 1877 in
1157 1835 1283 1891 eequo
1310 1835 1514 1877 Troiano'
1548 1838 1835 1877 creterrarum
1862 1835 1948 1876 tria
1974 1833 2094 1876 milia

388 1911 463 1950 aut
495 1910 716 1949 armatura
753 1908 873 1949 varia
910 1907 1129 1962 peditatus
1171 1910 1214 1948 et
1252 1907 1472 1962 equitatus
1505 1907 1549 1948 in
1583 1906 1728 1961 aliqua
1764 1905 1940 1962 pugna?
1985 1920 2093 1960 quae

386 1979 640 2034 popularem
669 1979 999 2020 admirationem
1034 1979 1289 2033 habuerunt,
1323 1978 1653 2020 delectationem
1679 1977 1761 2019 tibi
1785 1977 1949 2019 nullam
1982 1979 2092 2019 attu-

506 2087 535 2118 1.
571 2085 608 2118 et
634 2088 718 2128 post
750 2083 1021 2118 contemnenda
1053 2095 1132 2128 exp.
1159 2084 1242 2127 ΜΥ,
1272 2088 1314 2118 ut
1344 2084 1416 2119 vicl.
1461 2085 1472 2128 ΙΙ
1516 2087 1548 2118 2.
1583 2082 1738 2117 uoluisti
1771 2082 1805 2118 G
1848 2083 1859 2125 ΙΙ
1903 2085 1933 2117 3.
1968 2081 2094 2117 dolore

386 2144 429 2167 ere
456 2131 521 2165 -ris
548 2130 609 2166 Ml
636 2133 646 2176 Η
673 2134 705 2165 5.
733 2141 831 2165 esses
859 2143 902 2166 ese
928 2142 1008 2166 esse
1034 2132 1100 2166 ΙΙΙΓ
1124 2133 1135 2176 Η
1164 2134 1193 2166 7.
1221 2130 1261 2165 in
1287 2132 1429 2175 Semne,
1455 2142 1499 2165 ex
1524 2132 1559 2165 ,Ω
1577 2131 1589 2175 Ι]
1609 2129 1824 2165 stabianum
1849 2130 1943 2174 MR,
1970 2128 2093 2164 sabia-

385 2191 474 2213 num
502 2179 544 2213 G.
582 2178 769 2213 tablinum
789 2179 885 2214 Boot
910 2179 1013 2223 (‘obs.
1035 2180 1129 2214 crit?
1154 2191 1192 2223 p.
1217 2180 1284 2224 12),
1311 2178 1415 2213 istud
1439 2177 1680 2213 maenianum
1704 2178 1843 2224 Tyrrell
1861 2179 1873 2222 ΙΙ
1892 2180 1923 2212 8.
1947 2177 2092 2223 senum]

387 2226 509 2260 sinum
530 2231 613 2270 post
640 2227 731 2261 alios
751 2227 847 2261 Boot
872 2230 905 2261 et
930 2227 1118 2271 Kiessliwy
1144 2228 1247 2271 (mus.
1269 2227 1384 2261 Rhen.
1410 2225 1556 2260 XXXH.
1586 2229 1687 2261 1877.
1709 2237 1748 2270 p.
1770 2226 1864 2269 636),
1889 2229 1981 2260 recte
2006 2229 2094 2268 puto

387 2276 511 2318 (senus
537 2274 689 2309 alterius
720 2274 838 2316 forma
858 2274 1024 2318 plebeia).
1071 2273 1256 2308 Misenum
1288 2275 1356 2308 alii
1387 2275 1398 2318 ΙΙ
1430 2272 1696 2318 spectiunculis
1723 2272 1834 2308 Klotz
1865 2274 1876 2317 ΙΙ
1908 2275 1940 2307 9.
1967 2271 2025 2306 1111
2049 2283 2094 2307 ex

387 2321 439 2355 ini
466 2321 530 2355 Mt
561 2322 572 2365 ΙΙ
606 2324 659 2356 10.
688 2320 893 2356 communis
925 2320 1057 2355 mimos
1090 2320 1305 2355 semisomni
1338 2320 1445 2365 (semi
1477 2320 1597 2356 somni
1626 2320 1672 2363 G)
1700 2320 1798 2364 MG,
1831 2318 2017 2354 communi
2041 2319 2094 2353 mi

387 2368 567 2403 nossemis
607 2367 709 2403 omni
747 2369 795 2403 R.
846 2368 1050 2403 comminus
1084 2380 1154 2413 pro
1193 2368 1398 2403 communis
1437 2370 1528 2404 coni.
1569 2368 1724 2413 Madvig]
1762 2367 1877 2411 (adv.
1912 2367 2008 2402 crit?
2042 2366 2094 2401 III

382 2429 420 2461 p.
444 2418 525 2461 158)
557 2417 569 2461 Η
602 2419 655 2451 11,
684 2415 754 2461 613]
787 2415 846 2450 his
873 2417 924 2460 Ω,
961 2415 1007 2449 113
1035 2427 1054 2453 ς
1086 2417 1097 2460 ΙΙ
1128 2415 1202 2460 ipsi
1227 2418 1276 2460 Ω,
1313 2415 1393 2460 ipse
1420 2427 1440 2453 ς
1472 2418 1483 2461 ΙΙ
1517 2419 1570 2451 12.
1598 2415 1676 2461 Sp]
1711 2426 1736 2449 3.
1763 2426 1798 2459 p.
1826 2414 1924 2455 MR,
1953 2413 2094 2448 sextius

386 2463 537 2508 publius
566 2463 609 2498 G.
646 2464 690 2506 cf.
722 2463 1042 2507 Teuffel-Schwabe
1069 2464 1149 2498 hist.
1178 2464 1245 2498 litt.
1266 2463 1368 2498 Rom.
1392 2475 1430 2508 p.
1452 2465 1538 2498 4075
1558 2464 1569 2507 Η
1590 2466 1645 2498 14.
1673 2461 1871 2507 stomachi]
1898 2461 1933 2497 S.
1961 2461 2093 2497 Hiero-

388 2522 535 2556 nymum
562 2512 599 2554 (t.
626 2510 695 2544 VII
720 2510 757 2545 A
777 2522 816 2555 p.
839 2514 906 2544 245
934 2511 1042 2554 Van„
1067 2515 1091 2546 t.
1117 2510 1185 2545 VII
1206 2523 1245 2555 p.
1267 2514 1334 2544 219
1362 2511 1503 2555 Illique>
1528 2511 1624 2545 hune
1649 2511 1765 2545 locum
1789 2510 1963 2554 respicere
1983 2513 2094 2553 putat

388 2560 489 2593 Aem.
515 2558 660 2592 Leibeek
686 2557 871 2601 ((Ηίενοη.
900 2569 987 2602 (suos
1011 2559 1151 2594 noverit
1175 2559 1380 2602 seriptores'
1411 2558 1514 2603 Lips.
1536 2561 1626 2592 1872
1648 2569 1687 2602 p.
1710 2559 1792 2599 158)
1822 2557 1832 2601 ΙΙ
1862 2559 1916 2591 15.
1944 2567 2094 2591 scenam

388 2606 434 2649 R,
463 2616 592 2639 cenam
618 2605 699 2640 MG
730 2606 742 2650 Η
774 2604 824 2650 61]
851 2604 890 2639 hi
916 2607 967 2649 Ω,
993 2604 1021 2639 11
1047 2616 1068 2642 ς
1099 2606 1110 2649 ΙΙ
1142 2616 1277 2639 scaena
1302 2606 1363 2649 M,
1391 2616 1501 2640 scena
1526 2605 1579 2649 R,
1607 2615 1724 2640 caena
1752 2604 1786 2640 G
1817 2605 1828 2649 ΙΙ
1863 2607 1917 2639 16.
1945 2603 2093 2638 decesse

391 2653 449 2696 M,
490 2651 712 2687 descessisse
749 2654 829 2697 (sic)
868 2653 921 2697 R,
962 2652 1178 2687 discessisse
1219 2653 1252 2688 G
1297 2654 1308 2697 ΙΙ
1351 2654 1477 2687 noster
1515 2654 1573 2687 est
1613 2663 1745 2697 esopus
1783 2652 1837 2696 R,
1875 2652 2000 2686 noster
2037 2651 2094 2685 est

390 2711 480 2743 opus
511 2700 543 2735 G
562 2702 573 2744 ΙΙ
595 2703 648 2735 17.
677 2702 733 2734 18.
760 2699 791 2733 13
818 2710 902 2733 cum
927 2699 1048 2734 iurare
1075 2699 1261 2744 coepisset
1287 2700 1322 2736 G
1349 2701 1360 2745 ΙΙ
1390 2704 1443 2734 18.
1473 2699 1504 2734 31
1529 2710 1578 2735 sc.
1605 2700 1648 2746 f.]
1680 2700 1726 2743 cf.
1754 2699 1910 2734 Ribbeck
1937 2698 1984 2732 ‘eL
2004 2700 2091 2733 ro'm.

394 2747 585 2791 Trayo'die'
616 2747 733 2791 (ἱέμε.
762 2748 866 2792 1875)
888 2760 927 2791 p.
948 2751 992 2781 49
1025 2749 1036 2792 ΙΙ
1069 2751 1124 2782 19.
1151 2747 1215 2791 qui
1244 2747 1288 2789 G,
1315 2747 1405 2791 quid
1431 2748 1524 2783 MR.
1566 2746 1729 2791 reliquos
1755 2746 1873 2780 ludos.
1901 2743 2014 2788 quid?
2045 2755 2093 2779 ne

390 2795 623 2839 ‹listingyuzmt
660 2795 739 2829 ahi.
784 2794 957 2838 reliquos.
1002 2794 1082 2829 ludi
1119 2806 1164 2829 ne
1198 2795 1376 2830 θὶῷ-6161167·
1413 2796 1466 2839 (p.
1495 2798 1575 2838 106)
1614 2796 1626 2839 ΙΙ
1662 2805 1708 2829 ne
1741 2793 1781 2828 id
1812 2792 1910 2835 MR,
1947 2802 1994 2826 ne
2029 2791 2062 2826 G
2082 2793 2094 2838 ,l

391 2844 445 2874 20.
474 2841 572 2884 quod
597 2841 734 2885 leporis
761 2841 974 2876 habuerunt
1003 2847 1084 2886 post
1108 2842 1321 2876 habuerunt
1346 2843 1386 2876 in
1412 2842 1461 2875 M
1480 2844 1617 2887 scripta
1648 2842 1714 2877 del.
1742 2840 1804 2874 Mr
1829 2842 1840 2885 ΙΙ
1869 2842 1925 2873 22.
1950 2839 2091 2874 habent

391 2900 456 2921 om.
487 2888 519 2922 G
547 2890 558 2932 ΙΙ
588 2888 751 2922 sexcenti
779 2890 810 2921 (τ’
842 2891 853 2933 ΙΙ
884 2892 939 2923 23.
968 2889 1230 2934 Clytaemestra
1256 2890 1310 2933 Μ,
1339 2889 1566 2923 clitemestra
1591 2889 1639 2933 R,
1666 2887 1918 2922 clitemenstra
1945 2886 1990 2930 G,
2017 2886 2091 2931 cly-

391 2935 617 2969 taemnestra
644 2947 675 2972 ς.
702 2938 747 2979 ef.
769 2937 912 2971 Ritsehz
937 2947 1056 2980 opusc.
1076 2937 1110 2970 Π
1133 2949 1169 2980 p.
1191 2940 1270 2971 497.
1293 2939 1371 2980 517,
1400 2936 1436 2972 Ο,
1461 2937 1506 2972 F.
1529 2937 1584 2971 W.
1606 2935 1743 2970 Muller
1762 2935 1810 2969 ad
1832 2933 1903 2968 Cic.
1925 2944 1980 2978 op.
1994 2933 2055 2977 IV,
2071 2938 2091 2968 3

387 2992 424 3024 p.
448 2984 502 3024 39,
522 2985 584 3024 28,
622 2983 836 3028 Papayeory
870 2984 967 3018 Berl.
1004 2984 1092 3028 phil.
1122 2985 1367 3019 lVochensckr.
1397 2987 1487 3018 1886
1515 2996 1554 3027 2).
1575 2986 1653 3017 291.
1682 2984 1749 3015 955
1769 2982 1815 3016 al.
1837 2982 1848 3025 11
1867 2979 2013 3015 troiano
2041 2981 2091 3016 G¹

393 3027 503 3071 (DF),
535 3028 681 3063 traiano
709 3030 845 3065 MG²R
876 3032 887 3075 ΙΙ
919 3031 1162 3065 creterrarum
1188 3033 1238 3074 Ω,
1278 3033 1504 3065 craterarum
1531 3040 1551 3067 ς
1587 3030 1599 3073 ΙΙ
1636 3032 1690 3063 24.
1717 3027 1757 3062 in
1788 3027 1916 3072 aliqua
1947 3029 2090 3075 pugna]

393 3075 618 3117 offenderunt
655 3078 821 3120 quidam,
865 3079 928 3113 vix
966 3078 1055 3112 ime.
1101 3078 1231 3113 adludi
1267 3079 1316 3113 ad
1354 3081 1580 3121 praetexebam
1623 3077 1784 3120 aliquam
1822 3076 1906 3110 olim
1944 3077 2093 3120 putavit

393 3121 549 3156 Ribbeck·
575 3123 611 3165 (Ι.
634 3124 666 3156 d,
684 3136 721 3167 p.
744 3126 837 3168 657),
863 3125 967 3160 hodie
992 3136 1065 3159 *nou
1087 3129 1198 3169 putat
1217 3127 1227 3167 ss
1247 3127 1300 3158 25.
1329 3124 1546 3168 popularem
1573 3122 1723 3167 quidem
1750 3122 1846 3158 adm.
1877 3122 1910 3158 G

2131 569 2146 593 5

2115 925 2147 949 10

2116 1279 2148 1304 15

2114 1635 2148 1660 20

2113 1991 2147 2016 25
