2242 3496
326 1678 345 1707 s)

381 147 464 188 318
979 140 1025 174 M.
1054 137 1193 172 TVLLI
1219 135 1469 172 cicnaoms

380 254 493 296 enim
525 254 578 294 ab
606 250 839 293 Antiochia
864 246 1090 289 Dolabella
1116 248 1159 287 et
1185 246 1230 286 in
1256 245 1544 300 oppugnando
1575 245 1686 287 male
1713 249 1925 301 accethS,
1957 245 2077 288 nulla

382 325 466 365 alia
498 323 681 365 confisus
714 321 830 373 urbe,
862 317 1129 370 Laodiceam,
1164 330 1272 369 quae
1305 319 1370 356 est
1402 316 1447 356 in
1481 315 1608 370 Syria
1640 317 1692 357 ad
1725 332 1859 371 mare,
1901 331 1945 357 se
1979 331 2076 358 con-

382 395 497 435 tulit:
546 393 604 433 ibi
643 404 764 444 spero
804 388 999 429 celeriter
1037 402 1133 427 eum
1178 400 1338 440 poenas
1384 386 1600 441 daturum,
1646 401 1746 427 nam
1791 401 1947 441 neque,
1992 401 2076 441 quo

382 464 586 518 refugiat,
626 462 756 501 habet
786 473 922 512 neque
962 457 1123 497 diutius
1162 457 1223 496 ibi
1261 457 1423 510 poterit
1460 458 1632 497 tantum
1670 456 1905 498 exercitum
1937 456 2076 499 Cassii

381 535 607 575 sustinere:
634 545 756 584 spero
785 529 914 569 etiam
943 527 1185 569 confectum
1211 541 1304 567 esse
1331 527 1417 566 iam
1445 529 1488 567 et
1515 542 1767 581 oppressum
1793 527 2076 569 Dolabellam.
2114 543 2131 568 5

382 618 509 658 quare
541 617 626 643 non
662 603 769 654 puto
802 599 987 639 Pansam
1025 600 1068 638 et
1106 597 1300 638 Hirtium
1339 597 1384 638 in
1423 597 1650 638 consulatu
1687 601 1995 652 properaturos
2032 598 2079 639 in

379 673 618 728 provincias
652 671 783 724 exire,
821 670 894 710 sed
926 668 1090 710 Romae
1123 671 1295 710 acturos
1328 668 1618 709 consulatum:
1656 670 1822 724 itaque,
1861 670 1897 710 si
1930 669 1982 710 ab
2017 669 2076 710 eis

378 744 564 798 petieris,
596 746 644 782 ut
675 742 839 782 interea
871 740 996 781 nobis
1029 740 1378 794 procurationem
1410 738 1538 781 Asiae
1572 740 1684 793 dent,
1717 754 1842 794 spero
1875 743 1918 782 te
1950 754 2077 795 posse

379 815 617 868 impetrare.
673 814 895 866 praeterea
927 810 1034 851 mihi
1065 809 1358 864 promiserunt
1389 808 1529 850 Pansa
1567 813 1610 851 et
1643 810 1813 851 Hirtius
1853 825 1997 852 coram
2036 814 2079 852 et

379 884 544 938 apsenti
577 883 683 924 mihi
717 881 982 936 scripserunt
1016 880 1253 934 Verrioque
1290 882 1442 921 nostro
1476 880 1618 921 Pansa
1649 880 1895 922 adfirmavit
1925 896 1971 925 se
2010 882 2078 922 da·
2098 897 2132 922 10

378 958 520 996 turum
561 968 753 1008 operam,
796 966 848 993 ne
885 953 931 992 in
969 966 1046 992 suo
1086 951 1313 992 consulatu
1351 950 1458 992 mihi
1504 951 1766 992 succedatur.
1829 965 1909 1007 ego
1947 966 2077 1006 porro

378 1040 463 1066 non
510 1025 670 1065 medius
709 1024 835 1064 fidius
876 1022 1110 1076 cupiditate
1155 1021 1402 1076 provinciae
1446 1022 1626 1076 produci
1669 1022 1843 1077 longius
1889 1022 2079 1076 spatium

381 1095 485 1137 mihi
523 1096 637 1149 volo,
680 1109 780 1135 nam
818 1094 926 1135 mihi
969 1093 1052 1134 fuit
1094 1093 1181 1134 ista
1224 1092 1446 1146 provincia
1490 1093 1617 1147 plena
1660 1093 1842 1148 laboris,
1885 1094 2078 1148 periculi,

379 1167 636 1220 detrimenti,
670 1180 776 1219 quae
809 1179 889 1220 ego
922 1180 974 1206 ne
1006 1164 1171 1205 frustra
1197 1164 1404 1205 subierim
1429 1164 1539 1217 nive,
1569 1164 1690 1218 prius
1717 1177 1847 1217 quam
1873 1165 2077 1218 reliquias

377 1251 493 1278 meae
526 1237 773 1291 diligentiae
807 1250 1062 1290 consequar,
1102 1235 1303 1277 decedere
1337 1248 1483 1290 cogar,
1523 1235 1644 1276 valde
1677 1235 1848 1291 laboro,
1884 1250 2002 1291 nam,
2041 1236 2078 1277 si
2098 1252 2131 1277 15

373 1306 621 1362 potuissem,
648 1322 778 1361 quam
799 1321 1024 1362 exegeram
1050 1305 1289 1361 pecuniam,
1315 1305 1561 1347 universam
1587 1306 1773 1360 mittere,
1798 1306 2078 1362 postularem,

372 1381 421 1418 ut
453 1379 559 1419 mihi
591 1379 906 1420 succederetur:
937 1392 1062 1432 nunc,
1095 1377 1209 1432 quod
1242 1376 1392 1419 Cassio
1427 1377 1534 1431 dedi,
1568 1377 1681 1430 quod
1707 1375 1912 1417 Trebonii
1939 1380 2078 1419 morte

373 1449 612 1503 amisimus,
658 1450 771 1504 quod
815 1448 948 1490 etiam
993 1448 1246 1490 crudelitate
1285 1447 1539 1489 Dolabellae
1584 1450 1660 1489 aut
1700 1447 1880 1502 perfidia
1918 1462 2078 1503 eorum,

373 1521 444 1574 qui
482 1520 608 1561 fidem
648 1520 754 1561 mihi
792 1520 937 1574 reique
976 1520 1173 1574 publicae
1212 1533 1302 1560 non
1339 1519 1668 1573 praestiterunt,
1709 1519 1753 1559 id
1792 1519 1995 1574 consequi
2033 1522 2076 1561 et

372 1591 544 1632 reficere
576 1591 686 1646 volo,
719 1592 832 1646 quod
866 1591 992 1632 aliter
1022 1606 1110 1632 non
1141 1593 1288 1644 potest
1320 1590 1426 1643 fieri,
1457 1590 1542 1631 nisi
1570 1590 1759 1644 spatium
1791 1589 2001 1631 habuero:
2034 1591 2077 1632 id
2097 1606 2132 1631 20

372 1665 420 1702 ut
451 1677 527 1716 per
558 1665 600 1703 te
635 1677 888 1718 consequar,
932 1663 1082 1713 velim,
1126 1665 1175 1703 ut
1214 1663 1344 1717 solet,
1388 1662 1471 1703 tibi
1510 1675 1636 1703 curae
1675 1661 1743 1702 sit.
1801 1675 1882 1716 ego
1921 1676 1988 1703 me
2027 1662 2078 1703 de

372 1747 416 1773 re
448 1749 487 1787 p.
518 1736 624 1787 puto
657 1748 749 1775 esse
787 1735 1010 1789 meritum,
1053 1736 1103 1775 ut
1140 1748 1228 1775 non
1264 1733 1512 1788 provinciae
1550 1732 1678 1773 istius
1716 1732 1974 1774 beneficium
2011 1748 2078 1774 ex-

373 1806 565 1857 spectare
598 1805 786 1859 debeam,
819 1806 892 1847 sed
923 1808 1107 1860 tantum,
1141 1807 1351 1859 quantum
1378 1802 1552 1845 Cassius
1583 1806 1626 1844 et
1652 1802 1790 1856 Bruti,
1821 1817 1910 1844 non
1935 1803 2076 1845 solum

371 1874 488 1915 illius
521 1875 624 1916 facti
654 1876 922 1931 periculique
955 1876 1176 1929 societate,
1209 1876 1282 1917 sed
1315 1875 1448 1917 etiam
1473 1875 1601 1916 huius
1630 1874 1838 1929 temporis
1866 1875 2007 1916 studio
2034 1878 2078 1916 et

373 1946 549 2001 virtute,
585 1947 749 2001 primus
783 1948 896 1989 enim
937 1962 1017 2003 ego
1056 1948 1173 2003 leges
1208 1948 1420 1988 Antonias
1458 1945 1589 2001 fregi,
1629 1945 1794 2000 primus
1834 1946 2077 2001 equitatum
2096 1965 2130 1991 25

374 2016 624 2059 Dolabellae
669 2019 721 2059 ad
765 2034 856 2060 rem
893 2035 933 2073 p.
971 2018 1143 2060 traduxi
1183 2016 1419 2072 Cassioque
1464 2017 1643 2071 tradidi,
1685 2017 1851 2071 primus
1896 2016 2076 2059 dilectus

372 2087 503 2129 habui
547 2104 624 2143 pro
671 2090 809 2131 salute
855 2091 1046 2132 omnium
1091 2092 1242 2131 contra
1293 2088 1636 2130 coniurationem
1686 2088 2077 2143 sceleratissimam,

373 2159 488 2199 solus
522 2159 670 2201 Cassio
704 2163 747 2202 et
779 2162 840 2202 rei
872 2177 911 2216 p.
946 2160 1118 2216 Syriam
1151 2160 1463 2214 exercitusque,
1496 2160 1570 2214 qui
1601 2159 1663 2200 ibi
1696 2161 1830 2214 erant,
1863 2159 2078 2212 coniunxi,

370 2244 482 2283 nam,
514 2230 598 2271 nisi
631 2245 710 2286 ego
742 2234 910 2273 tantam
941 2232 1166 2287 pecuniam
1199 2234 1409 2285 tantaque
1441 2230 1658 2285 praesidia
1690 2233 1733 2271 et
1763 2233 1854 2271 tam
1881 2230 2078 2272 celeriter

373 2299 521 2342 Cassio
555 2301 776 2357 dedissem,
808 2318 860 2344 ne
895 2318 1023 2345 ausus
1057 2302 1228 2356 quidem
1262 2304 1377 2343 esset
1408 2302 1470 2343 ire
1497 2302 1542 2343 in
1570 2300 1752 2356 Syriam,
1784 2303 1827 2343 et
1851 2315 1965 2343 nunc
1989 2316 2078 2343 non
2097 2319 2131 2344 30

372 2371 538 2413 minora
581 2374 771 2426 pericula
815 2374 877 2415 rei
920 2390 960 2429 p.
1005 2389 1030 2415 a
1067 2373 1297 2415 Dolabella
1340 2373 1554 2414 instarent
1600 2387 1729 2427 quam
1773 2372 1825 2413 ab
1872 2372 2077 2414 Antonio.

374 2444 501 2496 atque
532 2443 638 2485 haec
672 2446 817 2486 omnia
848 2446 884 2487 is
917 2446 1011 2500 feci,
1046 2446 1119 2500 qui
1153 2445 1313 2487 sodalis
1346 2447 1389 2486 et
1420 2444 1786 2486 familiarissimus
1821 2443 2074 2485 Dolabellae

375 2528 502 2566 eram,
530 2515 907 2558 coniunctissimus
935 2517 1145 2572 sanguine
1172 2516 1389 2570 Antoniis,
1415 2516 1684 2570 provinciam
1711 2529 1880 2569 quoque
1900 2515 2076 2556 illorum

373 2585 579 2627 beneficio
612 2585 838 2641 habebam,
872 2588 946 2628 sed
977 2587 1166 2640 πατρίδα
1199 2586 1308 2641 ἐμὴν
1340 2590 1509 2641 μᾶλλον
1547 2589 1690 2640 φιλῶν
1730 2585 1929 2627 omnibus
1968 2585 2075 2627 meis

494 2718 522 2748 1.
551 2713 741 2749 antiochia
761 2714 810 2759 H,
833 2715 1022 2750 anthiocia
1042 2716 1095 2760 M,
1117 2713 1335 2749 anthiochia
1354 2714 1403 2749 D.
1438 2714 1644 2749 Antiochea
1664 2714 1732 2749 aliz·
1750 2715 1761 2759 Η
1779 2712 1982 2759 pugnando
1996 2713 2040 2747 H
2044 2711 2076 2759 1Η

375 2765 404 2794 2.
433 2761 620 2795 confessus
648 2762 696 2795 M
722 2764 732 2805 Η
763 2762 971 2798 laodiceam
998 2765 1057 2807 M,
1094 2762 1307 2796 laudiceam
1333 2763 1413 2796 HD
1443 2764 1455 2808 Η
1486 2766 1517 2797 4.
1544 2761 1684 2807 poterit
1714 2761 1769 2795 ibi
1796 2762 1833 2795 H
1865 2762 1878 2806 Η
1908 2763 1940 2796 5.
1967 2771 2073 2805 spero

377 2807 488 2841 etiam
518 2808 594 2842 iam
626 2809 835 2844 confectum
867 2822 946 2845 esse
979 2813 1016 2845 et
1042 2811 1121 2844 HD
1158 2812 1169 2854 Η
1206 2809 1443 2844 Dolabellam
1475 2822 1498 2844 α
1522 2811 1646 2844 multis
1679 2809 1832 2844 deletum
1863 2809 1965 2843 tenui
1996 2819 2076 2842 cum

378 2855 532 2890 Ko'hlcro
559 2858 611 2900 (p.
636 2859 692 2900 13)
713 2858 723 2900 Η
746 2861 774 2891 7.
803 2859 950 2892 acturos
975 2858 1028 2901 M,
1054 2859 1270 2902 peracturos
1291 2857 1373 2891 HD
1398 2858 1493 2902 quod
1513 2861 1630 2901 potest
1655 2857 1800 2900 defendi
1818 2856 1830 2900 Η
1849 2854 1919 2900 eis]
1945 2853 2004 2888 his
2027 2856 2074 2896 Ψ,

376 2901 421 2934 iis
448 2914 467 2938 ς
487 2904 499 2946 Η
519 2906 548 2937 9.
577 2904 717 2948 coram]
744 2903 874 2938 horam
902 2907 941 2939 Ψ
963 2907 974 2949 Η
1002 2910 1054 2939 11.
1083 2915 1196 2949 opera
1222 2904 1271 2938 M
1290 2905 1301 2949 Η
1330 2908 1383 2939 14.
1410 2904 1496 2938 niue
1524 2905 1582 2947 M,
1609 2914 1703 2937 neue
1730 2902 1820 2937 HD.
1859 2902 1904 2944 cf.
1931 2901 2076 2936 Raso-hl

376 2960 493 2991 ομωσ,
526 2950 558 2983 Π
592 2962 629 2994 p.
657 2954 722 2984 622
742 2963 789 2995 sq.
827 2953 838 2996 Η
875 2952 1070 2997 reliquias]
1109 2951 1291 2995 reliquiae
1331 2954 1370 2985 Ψ
1404 2953 1414 2996 Η
1455 2955 1508 2986 15.
1546 2961 1652 2984 meae
1690 2947 1927 2993 diligentiam
1959 2948 2040 2982 HD
2064 2948 2076 2995 Η

379 2999 431 3028 18.
457 2996 586 3038 perdia
607 2998 654 3030 M
670 2999 838 3042 (perfidia
858 3000 906 3033 Μ
910 3001 936 3044 1·)
957 3003 967 3043 Η
987 3003 1041 3033 20.
1063 2999 1152 3044 nisi]
1174 2998 1248 3032 nisi
1267 2998 1357 3045 (si)
1377 2999 1538 3033 Ernesti.
1564 2999 1610 3040 cf.
1631 2996 1930 3031 Krebs-Schmalz
1949 2996 2074 3030 ‘Anti-

378 3043 537 3076 bccrburl’
568 3048 589 3077 t.
611 3044 650 3077 1⁶
671 3057 707 3088 p.
731 3049 797 3079 539
818 3048 828 3090 Η
849 3050 903 3080 21,
925 3058 983 3090 pr.
1010 3048 1051 3079 ut
1077 3058 1140 3080 om.
1170 3046 1212 3079 H
1234 3047 1246 3089 Η
1272 3049 1327 3080 22.
1354 3045 1529 3080 meritum
1562 3054 1641 3078 esse
1667 3043 1712 3077 H
1732 3044 1743 3087 Η
1768 3047 1823 3077 23.
1849 3042 1981 3076 brutus
2006 3043 2046 3076 D
2064 3043 2076 3088 Η

378 3091 432 3122 26,
461 3088 616 3123 dilectus
646 3094 691 3134 Ψ,
720 3092 884 3127 delectus
911 3106 930 3130 ς
951 3095 962 3139 Η
983 3097 1036 3128 32.
1064 3092 1188 3127 omnia
1208 3104 1274 3127 om.
1300 3093 1339 3126 D
1357 3094 1369 3137 Η
1389 3096 1443 3127 34.
1470 3089 1634 3135 πατρίδα
1654 3088 1819 3136 (πατρίδ’
1843 3090 1973 3136 Klotz)
1992 3089 2072 3136 eet]
