2242 3496
311 193 356 225 Vl
1018 182 1300 218 PRAEFATIO.

316 299 448 341 Akad.
485 299 591 339 1891
635 313 674 351 p.
702 296 878 348 389sq„
910 289 1110 347 402sq.)‚
1150 291 1437 332 Ferrariensis
1477 291 1671 332 coenobii
1711 293 1804 332 tum
1843 291 2013 332 abbate.

314 371 386 424 qui
414 385 477 424 ep.
499 370 552 410 69
581 367 695 422 Sept.
722 381 776 406 m.
804 379 837 405 a.
866 364 947 405 847
984 363 1084 404 data
1117 361 1174 417 (p.
1200 363 1280 404 137
1310 362 1370 404 ed.
1399 361 1533 403 Paris.
1559 376 1593 403 a.
1617 360 1748 418 1888)
1778 361 2013 414 Ansbaldo‚

314 440 523 482 monacho
553 434 808 487 Prumiensi,
839 434 944 475 haec
978 433 1147 474 scribit:
1181 432 1422 474 ‘Tullianas
1454 432 1673 488 epistolas,
1706 447 1811 487 quas
1844 431 2014 486 misisti,

312 526 408 552 cum
441 509 601 551 nostris
636 506 819 549 conferri
852 504 1027 558 faciam,
1059 506 1107 545 ut
1139 519 1189 545 ex
1221 503 1435 558 utrisque,
1471 502 1508 544 si
1538 504 1680 558 possit
1711 503 1821 557 fieri,
1857 503 2014 544 veritas

313 580 589 635 exculpatur.⁹
652 578 808 632 quibus
842 575 983 616 verbis
1021 575 1075 629 si,
1116 577 1165 616 ut
1201 574 1426 629 probabile
1459 574 1586 629 duco,
1624 574 1906 629 designantur
1939 574 2015 615 mi-

313 653 468 694 scellae
502 647 721 691 Ciceronis
760 646 970 702 epistulae
1002 670 1056 674 -
1092 645 1197 686 alias
1238 645 1351 686 enim
1389 644 1536 700 Lupus
1574 644 1746 686 novisse
1783 660 1872 686 non
1902 645 2014 686 vide-

314 727 384 764 tur
402 721 433 771 ¹)
472 746 534 774 —‚
569 718 762 773 sequitur
795 721 843 759 ut
876 717 1015 758 medio
1049 717 1220 758 saeculo
1252 731 1367 758 nono
1401 716 1573 758 illarum
1606 731 1738 756 unum
1772 716 2014 770 exemplum

315 793 444 834 suerit
477 791 676 832 Prumiae
712 789 1038 842 Germanorum,
1070 788 1255 829 alterum
1288 787 1512 829 Ferrariae
1546 784 1830 842 Gallorum.²)

430 862 582 917 quodsi
614 861 721 902 haec
753 858 1011 915 probabilia,
1042 873 1129 900 non
1162 861 1280 901 certa
1312 862 1424 911 sunt,
1457 858 1748 900 certissimum
1775 861 1841 900 est
1867 858 2016 900 eodem

314 934 483 977 saeculo
518 932 675 974 alicubi
709 931 906 973 extitisse
941 931 984 971 id
1017 930 1302 984 epistularum
1335 930 1626 972 miscellarum
1659 930 1901 984 exemplum
1933 944 2016 985 quo

314 1007 425 1047 inter
458 1021 487 1047 S.
515 1004 575 1046 IX
610 1007 653 1045 et
684 1002 724 1044 X
763 1002 949 1044 confinia
987 1002 1053 1043 usi
1087 1004 1187 1042 sunt
1219 1002 1393 1043 Illedicei
1426 1002 1573 1043 codicis
1603 1002 1673 1053 49,
1700 1001 1724 1041 9
1758 1000 1942 1042 librarii:
1980 1001 2017 1041 is

317 1078 429 1119 enim
463 1077 594 1118 codex
629 1075 742 1116 circa
774 1074 849 1115 illa
882 1076 1081 1126 tempora
1112 1072 1383 1126 conscriptus
1416 1074 1482 1114 est
1516 1070 1572 1127 (V.
1597 1069 1743 1127 infra).

437 1147 632 1189 decimo
674 1160 802 1200 porro
843 1144 1013 1186 saeculo
1052 1144 1345 1186 monasterium
1383 1142 1425 1184 S.
1459 1143 1638 1186 Nazariz'
1673 1143 2021 1185 Laureslzamense

313 1220 425 1261 haud
465 1232 642 1273 parvam
684 1216 840 1258 habuit
881 1213 1101 1257 Ciceronis
1144 1214 1427 1274 epistularum
1470 1214 1650 1268 copiam.
1722 1214 1768 1254 in
1809 1214 2019 1270 catalogis

314 1291 427 1332 enim
455 1289 649 1331 codicum
678 1285 733 1343 (v.
755 1286 804 1328 A.
817 1286 1064 1327 Wilmanns
1086 1301 1192 1327 mus.
1212 1285 1347 1327 Rhen.
1367 1284 1515 1327 XXIII
1542 1300 1580 1339 p.
1596 1285 1766 1341 385sq.,
1792 1284 1840 1326 G.
1855 1283 2021 1327 Becker

314 1362 454 1403 ‘catal
488 1360 590 1401 bibl.
625 1358 726 1400 ant.’
765 1373 804 1412 p.
833 1358 888 1399 82
901 1372 981 1411 sq„
1018 1357 1192 1411 120sq.‚
1237 1355 1281 1397 C.
1309 1356 1495 1397 Bursian
1527 1354 1702 1397 ‘Gesch
1736 1355 1772 1396 d.
1810 1356 1860 1397 cl.
1893 1355 2020 1397 Phil?

314 1450 352 1488 p.
373 1434 427 1475 34
439 1430 520 1488 sq.)
548 1432 863 1472 memorantur:
885 1428 1201 1483 eEpistolarum
1226 1427 1433 1470 ciceronis
1459 1426 1532 1468 lib.
1551 1424 1654 1467 XVI
1680 1425 1725 1467 in
1752 1441 1834 1468 uno
1860 1427 2023 1482 codice3

315 1504 537 1559 Epistolae
578 1500 785 1544 ciceronis
824 1500 869 1541 in
908 1499 1266 1554 quaternionibus
1307 1498 1541 1553 (epistolae
1580 1497 1786 1539 ciceronis
1827 1497 2020 1539 diuersae

318 1578 420 1617 inter
450 1587 588 1616 versus
615 1573 731 1615 catal.
758 1573 818 1622 A,
852 1585 927 1612 om.
954 1568 1032 1627 B)3
1064 1571 1170 1611 item
1196 1569 1405 1624 epistolae
1436 1569 1645 1611 ciceronis
1673 1569 1886 1625 diuersae3
1916 1569 2022 1611 item

316 1646 465 1688 marcii
503 1644 617 1686 tullii
656 1641 862 1685 ciceronis
902 1641 1184 1696 epistolarum
1220 1641 1293 1681 lib.
1319 1639 1421 1681 IIII.
1453 1640 1498 1681 in
1530 1654 1615 1681 uno
1649 1639 1754 1681 cod.’
1818 1642 2023 1695 quattuor

317 1717 391 1772 qui
421 1717 490 1758 his
523 1716 665 1757 verbis
701 1714 946 1756 indicantur
979 1713 1262 1767 epistularum
1297 1712 1464 1753 codices
1497 1711 1541 1752 L.
1571 1710 1738 1752 Gurlitt
1771 1706 1886 1767 (ann.
1918 1711 2023 1766 phil.

322 1790 433 1831 1885
466 1804 503 1842 p.
529 1785 634 1843 5652)
667 1785 729 1828 ita
761 1785 961 1827 distinxit
993 1787 1042 1825 ut
1074 1784 1238 1838 primus
1270 1783 1474 1825 habuerit
1506 1782 1715 1836 epistulas
1748 1782 1800 1823 ad
1826 1782 2023 1823 Atticum

319 1861 453 1902 datas.
487 1858 696 1900 secundus
730 1873 793 1912 ep.
822 1856 874 1898 ad
903 1856 1002 1897 fam.
1030 1854 1248 1908 l—V1H‚
1286 1855 1442 1895 tertius
1475 1869 1539 1908 ep.
1566 1853 1618 1894 ad
1647 1853 1746 1894 fam.
1772 1852 2024 1908 IX—XVI,

318 1934 497 1986 quartus
531 1945 593 1984 ep.
628 1929 680 1969 ad
713 1928 899 1969 Brutum
933 1928 1132 1968 datarum
1164 1926 1190 1967 l.
1222 1940 1402 1978 nonum,
1443 1925 1494 1966 ad
1528 1924 1738 1973 Quintum
1768 1924 1818 1965 fr.
1851 1923 2024 1979 I—III,

317 2018 380 2056 ep.
402 2002 454 2042 ad
475 2001 773 2043 Octavianum.
818 1999 933 2040 haud
959 1997 1160 2052 displicet
1187 1997 1434 2038 coniectura
1460 1996 1677 2037 universa:
1705 1995 1855 2036 eodem
1880 1998 2024 2036 tamen

316 2073 406 2114 iure
434 2072 576 2126 putari
603 2073 787 2125 possunt
813 2070 856 2111 in
884 2069 1069 2111 secundo
1097 2068 1242 2110 codice
1264 2093 1311 2097 —
1338 2068 1412 2122 qui
1438 2067 1523 2108 fuit
1549 2066 1611 2107 ‘in
1637 2065 2024 2121 quaternionibus'‚

316 2144 356 2184 h.
384 2158 416 2184 e.
454 2157 541 2184 non
578 2143 758 2198 ligatus,
797 2157 832 2182 v.
864 2139 1159 2182 Wattenbach
1192 2137 1546 2181 ‘Schriftwesen'
1587 2153 1624 2192 p.
1652 2135 1763 2180 3302
1795 2162 1849 2165 —
1888 2136 2022 2178 fuisse

438 2296 470 2340 1)
497 2294 670 2339 equidem
696 2295 793 2328 certe
822 2293 910 2326 dum
936 2303 1062 2326 omnes
1088 2290 1240 2336 perlego
1267 2290 1361 2335 Lupi
1388 2290 1586 2335 epistulas,
1622 2289 1680 2324 bis
1707 2289 1939 2335 significatas
1965 2289 2019 2323 in-

318 2343 402 2377 veni
434 2341 613 2387 epistulas
646 2340 832 2375 miscellas
865 2342 904 2374 et
935 2339 1049 2374 libros
1083 2339 1233 2383 quidem
1265 2339 1432 2373 I—VIII:
1467 2337 1561 2382 Lupi
1595 2349 1650 2382 ep.
1673 2341 1690 2371 1
1718 2339 1765 2382 (a.
1787 2340 1869 2374 830)
1901 2349 1936 2381 p.
1958 2340 2019 2372 45:

321 2390 402 2425 ‘sed
428 2389 541 2424 semel
566 2388 719 2433 pudoris
745 2390 1000 2432 transgressus
1020 2386 1192 2421 limitem'
1224 2385 1283 2430 (cf.
1306 2386 1378 2420 Cic.
1401 2396 1455 2430 ep.
1478 2386 1521 2428 V,
1545 2389 1598 2429 12,
1621 2389 1658 2419 3:
1687 2384 1766 2429 ‘qui
1787 2384 1901 2418 semel
1921 2394 2020 2418 vere-

318 2437 476 2473 cundiae
508 2437 598 2471 fines
630 2435 853 2479 transierit')
888 2436 926 2469 et
956 2447 990 2479 p.
1019 2438 1080 2468 46:
1120 2433 1226 2467 ‘item
1259 2433 1425 2468 eiusdem
1458 2432 1618 2467 auctoris
1652 2432 1696 2466 de
1727 2431 1915 2466 rhetorica
1945 2432 2021 2466 tres

318 2484 405 2519 libri
430 2484 468 2519 in
495 2483 747 2528 disputatione
781 2494 824 2517 ac
851 2482 1001 2527 dialogo
1035 2481 1080 2515 de
1108 2481 1277 2515 Oratore’
1313 2481 1372 2525 (cf.
1396 2480 1468 2516 Cic.
1490 2491 1545 2525 ep.
1567 2480 1599 2524 Ι,
1621 2483 1659 2524 9,
1681 2481 1756 2524 23),
1790 2478 1884 2513 alias
1916 2490 2020 2513 num-

320 2544 441 2576 quam.
465 2552 506 2556 —
529 2531 626 2565 addo
654 2530 914 2565 coniecturam.
962 2528 1122 2574 epistula
1146 2527 1242 2572 Lupi
1266 2528 1388 2573 prima
1414 2527 1553 2572 scripta
1573 2528 1630 2561 est
1649 2538 1723 2561 non
1743 2525 1934 2561 Ferrariae
1956 2526 2021 2560 sed

320 2580 470 2622 Fuldae,
498 2589 569 2622 quo
594 2578 659 2612 ille
686 2590 716 2611 a.
740 2581 807 2611 829
834 2577 968 2611 missus
995 2577 1086 2611 erat.
1131 2587 1205 2620 qua
1232 2586 1327 2619 quae
1362 2574 1532 2620 proditur
1557 2573 1744 2609 Ciceronis
1776 2572 2022 2618 epistularum

319 2626 465 2669 notitia,
493 2637 537 2660 ea
562 2626 687 2670 potest
713 2636 800 2659 sane
825 2624 905 2658 fieri
933 2626 974 2658 ut
1000 2635 1022 2658 a
1041 2623 1144 2668 Lupo
1171 2624 1388 2667 comparata
1413 2622 1528 2656 fuerit
1545 2621 1736 2656 Ferrariae
1757 2621 1822 2655 ubi
1842 2621 2021 2655 educatus

320 2676 409 2717 erat,
437 2674 561 2718 potest
586 2674 629 2706 ut
653 2672 804 2707 Fuldae.
851 2682 1077 2716 quamquam
1103 2670 1202 2705 enim
1233 2670 1383 2704 unicum
1415 2669 1515 2713 quod
1547 2669 1595 2703 ad
1622 2668 1809 2703 Ciceronis
1840 2667 2021 2714 epistulas

320 2721 460 2755 Fuldae
486 2720 576 2755 olim
603 2721 768 2754 servatas
794 2719 904 2753 hodie
932 2718 1036 2753 ducit
1063 2717 1265 2763 vestigium
1297 2716 1586 2751 incertissimum
1618 2718 1675 2750 est
1703 2738 1743 2741 —
1771 2727 1815 2750 ex
1847 2715 2021 2761 catalogo

323 2780 354 2802 a.
378 2772 466 2802 1812
493 2767 646 2812 vulgato
674 2766 789 2801 Orelli
815 2765 958 2801 attulit:
989 2767 1058 2801 ‘2:3.
1087 2765 1268 2810 epistolae
1289 2765 1376 2800 Cic.'
1404 2786 1457 2807 —‚
1484 2766 1612 2799 tamen
1636 2775 1702 2809 per
1722 2774 1760 2798 se
1780 2762 1875 2797 nihil
1894 2763 2022 2797 obstat

321 2815 410 2858 quin
429 2815 467 2848 in
488 2813 675 2848 ditissima
695 2813 784 2847 olim
802 2813 1033 2848 bibliotheca
1046 2812 1225 2847 Fuldensi
1245 2815 1292 2856 (v.
1308 2812 1350 2847 A.
1365 2811 1515 2846 Ruland
1530 2811 1681 2856 Serapei
1701 2812 1726 2844 t.
1742 2810 1808 2844 XX
1827 2822 1861 2854 p.
1878 2813 1946 2844 273
1955 2821 2020 2854 sq.⁷

323 2862 359 2895 F.
383 2862 519 2906 Specht
540 2861 685 2895 ‘Gesch
708 2860 741 2895 d.
758 2860 1034 2894 Unterrichtsw
1058 2860 1097 2894 in
1117 2860 1387 2894 Deutschland'
1410 2872 1445 2904 p.
1467 2863 1535 2893 296
1551 2871 1603 2902 sq.
1625 2858 1700 2902 al),
1727 2868 1840 2901 quam
1866 2857 2022 2891 minima

322 2920 365 2942 ex
391 2910 497 2952 parte
522 2908 632 2942 hodie
660 2906 849 2952 cognitam
874 2906 1065 2946 habemus,
1093 2907 1278 2942 Ciceronis
1306 2906 1551 2951 epistularum
1576 2905 1690 2939 fuerit
1715 2904 1840 2939 codex.

442 2956 475 3000 2)
501 2955 714 2989 Prumiense
746 2954 1013 2988 monasterium
1045 2965 1127 2988 cum
1163 2956 1200 2988 et
1232 2966 1264 2989 a.
1286 2957 1352 2988 882
1387 2956 1425 2988 et
1450 2957 1516 2987 892
1551 2964 1573 2987 a
1598 2951 1823 2987 Normannis
1856 2951 1905 2986 sit
1936 2962 2021 2986 con-

323 3004 526 3037 crematum
553 3004 598 3045 (v.
620 3002 660 3036 E.
682 3001 872 3035 Dfimmler
896 3001 1087 3035 “ostfr'ank.
1109 3001 1240 3036 Reich'
1262 3001 1335 3035 111²
1354 3014 1388 3046 p.
1413 3005 1479 3035 159
1495 3012 1559 3044 sq.‚
1585 3012 1620 3044 p.
1642 3002 1725 3043 351)
1750 2998 1946 3044 probabile
1966 3000 2023 3033 est

324 3049 440 3083 altero
466 3050 548 3083 utro
573 3048 745 3083 incendio
773 3048 1009 3092 absumptum
1037 3059 1115 3082 esse
1143 3048 1308 3083 codicem
1340 3048 1458 3083 illum.
1502 3058 1569 3082 nee
1603 3046 1733 3081 dubito
1766 3045 1857 3090 quin
1888 3045 2020 3080 similis

322 3097 472 3130 fortuna
504 3095 624 3130 saevis
657 3095 732 3129 illis
764 3094 993 3139 temporibus
1033 3095 1219 3130 adflixerit
1255 3095 1474 3131 coenobium
1506 3093 1756 3138 Ferrariense,
1795 3104 2022 3138 quamquam

325 3144 497 3178 accurata
524 3142 650 3187 aliqua
675 3142 768 3176 mihi
792 3153 864 3176 non
892 3143 948 3176 est
972 3144 1121 3186 praesto
1148 3143 1334 3178 memoria.
