2242 3496
727 188 1066 224 EPISTVLARVM
1092 188 1151 224 XI.
1178 192 1234 224 28.
1746 187 1832 230 303

131 299 242 351 tant,
287 296 527 337 ‘libertatis
573 296 806 351 auctores',
851 301 967 338 metu
1014 297 1140 338 nobis
1186 301 1440 353 extorquere
1485 299 1713 351 conantur3
1759 297 1832 338 sed

129 367 237 408 nihil
271 369 423 423 agunt:
461 366 621 407 nullius
654 383 858 422 umquam
899 369 1078 422 periculi
1111 369 1349 411 terroribus
1387 369 1440 410 ab
1480 368 1623 410 officio
1664 371 1738 409 aut
1777 368 1830 409 ab

129 437 400 479 humanitate
442 438 697 493 desciscam3
740 454 977 494 numquam
1021 440 1134 481 enim
1173 440 1401 482 honestam
1440 442 1624 481 mortem
1664 438 1830 494 fugien-

128 506 245 562 dam,
277 523 402 562 saepe
442 509 574 550 etiam
616 510 900 564 oppetendam
940 511 1101 565 putavi.
1164 511 1237 551 sed
1277 510 1377 565 quid
1417 510 1523 551 mihi
1568 512 1830 564 suscensent,

92 591 108 615 .-·›
129 578 164 619 si
198 578 239 619 id
273 582 388 634 opto,
415 584 460 621 ut
494 581 714 635 paeniteat
746 596 818 622 eos
852 581 918 622 sui
945 581 1082 622 facti‘.>
1127 581 1252 636 cupio
1281 582 1395 623 enim
1423 581 1619 624 Caesaris
1647 583 1830 623 mortem

128 649 329 692 omnibus
368 665 460 692 esse
499 652 709 693 acerbam.
772 651 832 692 ‘at
877 652 1011 693 debeo
1055 666 1134 706 pro
1180 652 1297 693 civili
1342 655 1463 707 parte
1508 667 1599 694 rem
1643 668 1682 707 p.
1721 651 1830 693 velle

127 719 321 762 salvam.’
383 722 425 763 id
464 722 636 776 quidem
676 737 742 763 me
782 737 954 777 cupere,
992 722 1077 763 nisi
1116 726 1159 764 et
1198 726 1298 764 ante
1338 726 1435 765 acta
1467 724 1558 764 vita
1589 726 1633 764 et
1665 722 1832 776 reliqua

127 805 223 832 mea
254 806 352 847 spes
392 795 562 834 tacente
595 807 661 834 me
695 793 869 847 probat,
902 793 1082 835 dicendo
1119 792 1283 835 vincere
1322 809 1410 836 non
1449 794 1637 849 postulo.
1699 808 1831 848 quare

126 862 335 904 maiorem
366 864 409 904 in
444 864 618 905 modum
652 867 694 904 te
727 878 848 919 rogo,
875 866 924 904 ut
950 879 1041 905 rem
1072 864 1289 918 potiorem
1322 865 1516 907 oratione
1550 865 1680 906 ducas
1709 864 1832 906 mihi-

74 947 107 972 10
125 947 220 987 que,
252 934 289 974 si
322 935 456 976 sentis
490 933 689 989 expedire
722 937 837 976 recte
864 934 970 990 fieri,
995 935 1142 976 credas
1169 936 1335 977 nullam
1361 936 1707 978 communionem
1734 950 1831 978 cum

125 1003 335 1058 improbis
381 1020 474 1047 esse
518 1020 657 1060 posse.
720 1020 792 1060 an,
837 1006 950 1060 quod
995 1005 1245 1047 adulescens
1290 1007 1506 1062 praestiti,
1551 1004 1648 1049 eum
1698 1007 1831 1048 etiam

124 1089 267 1118 errare
299 1091 397 1118 cum
429 1077 704 1118 excusatione
750 1091 942 1131 possem,
981 1077 1022 1118 id
1060 1092 1173 1119 nunc
1212 1080 1353 1119 aetate
1392 1078 1680 1133 praecipitata
1718 1092 1830 1120 com-

123 1149 288 1189 mutem
320 1162 369 1190 ac
401 1162 468 1189 me
507 1148 599 1202 ipse
638 1148 861 1189 retexam?
922 1163 1010 1189 non
1048 1148 1204 1190 faciam
1241 1164 1398 1204 neque,
1438 1149 1552 1204 quod
1590 1149 1830 1204 displiceat,

123 1219 408 1273 committam,
437 1222 743 1274 praeterquam
777 1219 890 1275 quod
921 1219 1110 1261 hominis
1144 1220 1252 1261 mihi
1284 1220 1630 1262 coniunctissimi
1663 1235 1712 1262 ac
1744 1219 1827 1261 viri

73 1303 104 1329 15
127 1289 388 1345 amplissimi
425 1290 549 1332 doleo
589 1305 767 1346 gravem
806 1305 963 1333 casum.
1028 1291 1140 1346 quod
1180 1290 1216 1331 si
1257 1291 1385 1333 aliter
1423 1306 1560 1333 essem
1600 1291 1832 1344 animatus,

123 1361 374 1416 numquam,
407 1362 521 1417 quod
552 1361 751 1415 facerem,
781 1375 1004 1416 negarem,
1036 1376 1089 1402 ne
1123 1365 1166 1403 et
1197 1362 1243 1403 in
1274 1363 1490 1417 peccando
1529 1362 1754 1417 improbus
1787 1356 1832 1403 et

123 1431 169 1473 in
213 1432 524 1475 dissimulando
570 1433 749 1474 timidus
795 1448 843 1474 ac
888 1447 1023 1474 vanus
1073 1433 1355 1475 existimarer.
1419 1432 1485 1474 ‘at
1534 1433 1678 1489 ludos,
1723 1447 1829 1489 quos

124 1501 322 1545 Caesaris
363 1505 568 1547 victoriae
602 1502 761 1546 Caesar
799 1504 1047 1546 adulescens
1088 1503 1210 1559 fecit,
1249 1503 1421 1546 curavi.'
1485 1507 1530 1545 at
1569 1505 1610 1546 id
1657 1505 1709 1546 ad
1746 1505 1830 1559 pri-

123 1577 272 1616 vatum
304 1575 508 1630 officium,
541 1591 628 1617 non
660 1576 712 1616 ad
745 1578 909 1616 statum
941 1575 1004 1617 rei
1035 1590 1075 1629 p.
1107 1575 1314 1629 pertinet,
1348 1575 1462 1630 quod
1493 1577 1640 1616 tamen
1674 1590 1828 1617 munus

71 1661 105 1685 20
125 1647 168 1686 et
198 1645 388 1688 hominis
431 1646 682 1689 amicissimi
721 1646 952 1688 memoriae
993 1649 1122 1700 atque
1159 1646 1399 1688 honoribus
1437 1649 1657 1700 praestare
1697 1646 1828 1688 etiam

124 1717 288 1758 mortui
328 1718 456 1759 debui
496 1722 539 1759 et
577 1718 767 1772 optimae
807 1716 899 1771 spei
943 1717 1208 1758 adulescenti
1254 1732 1303 1758 ac
1347 1716 1605 1771 dignissimo
1645 1716 1827 1759 Caesare

122 1787 288 1841 petenti
330 1802 490 1844 negare
533 1803 620 1830 non
663 1787 800 1842 potui.
862 1787 958 1828 veni
1009 1787 1142 1828 etiam
1194 1787 1382 1830 consulis
1427 1787 1610 1829 Antonii
1654 1789 1828 1830 domum

123 1872 249 1913 saepe
282 1859 500 1901 salutandi
538 1874 685 1915 causa3
723 1859 774 1900 ad
814 1873 960 1914 quem,
992 1859 1067 1914 qui
1105 1874 1173 1901 me
1211 1874 1365 1914 parum
1403 1859 1570 1914 patriae
1610 1862 1827 1901 amantem

122 1943 215 1971 esse
253 1930 524 1986 existimant,
555 1930 738 1986 rogandi
783 1930 957 1984 quidem
1001 1930 1164 1985 aliquid
1208 1933 1284 1972 aut
1322 1930 1544 1972 auferendi
1581 1945 1711 1973 causa
1747 1930 1828 1972 fre-

68 2016 103 2042 25
123 2001 295 2055 quentis
339 2002 553 2044 ventitare
603 2001 802 2057 reperies.
864 2002 938 2044 sed
982 2017 1089 2058 quae
1133 2002 1239 2044 haee
1283 2004 1349 2044 est
1394 2002 1666 2058 adrogantia,
1713 2003 1826 2057 quod

123 2069 282 2113 Caesar
323 2087 560 2128 numquam
604 2072 917 2128 interpellavit,
956 2073 1078 2127 quin,
1117 2073 1274 2128 quibus
1318 2073 1473 2115 vellem
1518 2076 1649 2128 atque
1694 2073 1827 2115 etiam

123 2156 231 2196 quos
268 2142 361 2198 ipse
398 2158 487 2185 non
523 2143 754 2199 diligebat,
784 2146 931 2185 tamen
969 2144 1030 2185 eis
1068 2146 1230 2198 uterer,
1263 2159 1354 2199 eos,
1387 2144 1461 2199 qui
1493 2144 1601 2186 mihi
1640 2144 1826 2187 amicum

123 2213 389 2269 eripuerunt,
421 2214 634 2269 carpendo
673 2229 740 2256 me
780 2214 949 2256 efficere
991 2215 1155 2269 conari,
1187 2229 1258 2270 ne,
1290 2230 1398 2269 quos
1437 2215 1584 2270 velim,
1618 2216 1826 2271 diligam?

122 2284 196 2326 sed
227 2299 316 2327 non
347 2300 508 2340 vereor,
540 2300 592 2326 ne
626 2288 701 2327 aut
733 2300 851 2327 meae
883 2285 999 2326 vitae
1031 2286 1246 2328 modestia
1275 2301 1430 2340 parum
1464 2286 1652 2328 valitura
1693 2287 1750 2328 sit
1781 2286 1826 2328 in

68 2375 103 2400 30
120 2358 346 2410 posterum
378 2359 530 2398 contra
560 2356 695 2398 falsos
721 2371 928 2412 rumores,
955 2360 1029 2398 aut
1053 2371 1106 2398 ne
1133 2357 1265 2399 etiam
1291 2357 1342 2411 ei,
1368 2357 1441 2412 qui
1469 2372 1535 2399 me
1562 2373 1650 2399 non
1677 2361 1825 2399 amant

120 2430 300 2481 propter
330 2442 471 2469 meam
503 2427 548 2468 in
575 2427 804 2470 Caesarem
837 2428 1142 2483 constantiam,
1167 2443 1255 2470 non
1287 2428 1443 2469 malint
1474 2428 1559 2470 mei
1593 2443 1723 2483 quam
1755 2429 1823 2470 sui

121 2497 276 2539 similis
318 2497 479 2540 amicos
523 2498 694 2541 habere.
757 2498 865 2540 mihi
909 2499 1083 2553 quidem
1127 2500 1163 2541 si
1208 2502 1359 2555 optata
1400 2499 1672 2555 contingent,
1711 2500 1824 2554 quod

121 2568 338 2623 reliquum
371 2571 437 2610 est
469 2569 601 2624 vitae,
632 2570 678 2611 in
717 2570 805 2612 otio
838 2569 982 2611 Rhodi
1020 2571 1190 2626 degam,
1230 2571 1297 2612 sin
1335 2585 1457 2613 casus
1497 2570 1654 2625 aliquis
1693 2570 1824 2612 inter-

120 2640 313 2695 pellarit,
350 2640 412 2682 ita
450 2655 522 2682 ero
561 2641 745 2697 Romae,
788 2644 837 2682 ut
882 2644 996 2682 recte
1041 2641 1135 2683 fieri
1173 2656 1342 2696 semper
1374 2642 1556 2697 cupiam.
1617 2641 1822 2683 Trebatio

239 2821 271 2853 2.
299 2817 346 2852 ab
371 2817 470 2861 (ante
495 2816 610 2862 hum.)
637 2828 703 2852 om.
730 2817 769 2852 D
787 2819 799 2860 ΙΙ
818 2820 849 2852 4.
877 2816 1127 2862 oppetendam
1153 2817 1216 2863 M,
1245 2817 1495 2863 appetendam
1520 2818 1600 2853 HD
1624 2819 1636 2863 ΙΙ
1661 2817 1725 2863 qui
1752 2817 1821 2854 Η

122 2865 340 2900 succensent
364 2864 445 2899 HD
463 2866 475 2909 Η
495 2869 525 2899 6
548 2866 588 2899 at
613 2864 730 2900 debeo
757 2864 848 2907 HD,
875 2865 1043 2900 addebeo
1070 2866 1119 2899 M
1132 2866 1144 2909 ΙΙ
1164 2868 1194 2899 8.
1222 2866 1384 2910 probant
1402 2866 1441 2900 D
1459 2868 1470 2911 Η
1492 2869 1545 2901 12.
1571 2866 1822 2911 praecipitata

121 2913 222 2946 etate
236 2912 280 2947 H
295 2914 307 2957 ΙΙ
328 2915 382 2947 13.
403 2912 503 2956 quod
524 2911 651 2959 (tibi)
672 2891 872 2956 displiceat
886 2912 1014 2947 Bootl
1031 2914 1233 2955 c.,iniu1ia
1251 2914 1263 2958 Η
1284 2917 1336 2947 14.
1358 2912 1451 2947 1111111
1471 2924 1535 2948 om.
1551 2913 1590 2948 D
1609 2915 1620 2958 ΙΙ
1641 2917 1694 2949 17.
1717 2914 1820 2958 atH,

122 2959 171 2994 ad
197 2959 250 3004 Μ
278 2970 322 2994 ac
345 2959 385 2994 D
403 2924 427 3004 lq}
437 2963 489 2994 18.
517 2960 574 3005 at]
601 2960 649 2994 ad
675 2960 731 3003 M,
759 2970 802 2994 ac
828 2959 876 3003 D,
903 2971 968 2994 om.
997 2959 1041 2994 H
1056 2961 1067 3004 ΙΙ
1086 2964 1142 2995 21
1169 2963 1224 2995 22.
1251 2971 1400 2994 caesare
1425 2960 1568 3005 petenti
1594 2961 1645 3005 H,
1671 2971 1820 2996 caesare

122 3006 307 3051 repetenti
327 3007 382 3051 M,
408 3007 527 3041 cesari
551 3009 702 3052 repente
723 3007 761 3041 D
779 3008 791 3052 ΙΙ
810 3010 865 3041 22.
893 3010 947 3041 23.
975 3017 1060 3051 sepe
1081 3006 1231 3041 domum
1249 3007 1289 3042 D
1307 3009 1319 3052 ΙΙ
1338 3011 1393 3042 23.
1415 3009 1455 3042 at
1473 3018 1583 3052 quem
1602 2988 1651 3042 ΙΙΙ
1664 3010 1675 3053 ΙΙ
1695 3019 1820 3043 aman-

122 3053 260 3098 temD,
279 3053 485 3089 famantem
500 3055 585 3089 ΜΗ
604 3058 616 3099 u
636 3058 691 3090 24
706 3064 785 3089 esse
799 3064 864 3088 om.
880 3053 919 3087 D
937 3055 948 3098 11
969 3058 1058 3089 24.
1041 3058 1094 3089 ..5.
1110 3054 1320 3108 frequentes
1333 3054 1545 3100 repperieut
1557 3055 1743 3090 uentitare
1757 3057 1821 3091 H

122 3103 178 3135 25.
205 3081 298 3136 ha'ec
323 3104 380 3136 est
405 3102 465 3147 M,
505 3104 562 3137 est
586 3102 654 3136 hec
678 3102 759 3137 HD
788 3103 799 3145 ΙΙ
831 3104 886 3136 27.
914 3101 982 3146 eis]
1015 3100 1073 3135 his
1103 3103 1155 3145 Ψ,
1193 3101 1241 3136 iis
1268 3113 1289 3139 3
1319 3104 1331 3147 ῃ
1362 3106 1417 3137 29.
1445 3104 1511 3137 aut
1537 3103 1636 3147 HD,
1674 3103 1721 3138 ad
1749 3104 1821 3138 M

122 3157 206 3183 mea
231 3147 270 3182 D
287 3149 299 3193 ΙΙ
318 3151 373 3184 30.
400 3149 450 3196 ei]
476 3149 516 3183 hi
545 3152 591 3195 Ψ,
618 3149 644 3183 11
666 3161 685 3187 ς
705 3152 790 3194 113⁰
818 3148 1043 3193 contigerint
1067 3149 1106 3183 D
1124 3152 1135 3195 ΙΙ
1155 3154 1211 3185 33.
1238 3149 1269 3184 si
1295 3160 1402 3184 casus
1427 3150 1466 3184 D

1858 809 1876 839 5
