2242 3496
418 178 513 211 XXII
1128 172 1409 206 PRAEFATIO.

419 286 789 340 quadragenorum
823 286 1097 337 septenorum
1129 281 1174 321 in
1206 280 1404 334 epistulis
1437 281 1592 322 saltem
1634 281 1831 336 scriptus.
1887 282 1970 323 fuit
2009 282 2112 323 olim

417 354 620 396 foliorum
648 355 750 408 298,
792 369 840 394 ex
875 353 1029 406 quibus
1062 343 1207 391 tamen
1233 351 1289 392 95
1322 351 1480 392 dudum
1514 351 1673 392 amissa
1706 350 1759 406 (v.
1786 352 1980 393 Wunder
2011 352 2114 394 ‘var

418 425 530 466 lect'
563 440 601 478 p.
628 422 720 478 IX).
777 423 985 477 epistulae
1026 421 1210 474 scriptae
1249 420 1294 462 in
1327 421 1397 462 fol.
1430 422 1709 473 1761—18612
1752 437 1856 476 quas
1896 424 2115 477 excipiunt

419 480 677 536 litteraead
719 494 1002 535 Octavianum
1045 492 1179 532 datae.
1242 492 1390 533 insunt
1435 495 1578 533 autem
1622 507 1684 546 ep.
1717 492 1817 542 XII,
1851 494 1924 546 29,
1958 494 2001 545 2;
2041 494 2116 549 213

418 566 537 619 XIII,
566 567 637 619 783
666 566 737 617 793
769 563 884 616 XIV,
915 563 1074 616 1—243
1106 561 1199 617 XV,
1228 564 1359 617 1—63
1391 564 1435 616 93
1469 564 1510 615 73
1545 564 1589 616 83
1627 564 1814 619 10--213
1852 563 1967 618 XVI,
1995 565 2038 617 ὃς
2073 565 2114 618 73

424 633 1136 692 13233343638393113123
1172 634 1242 687 103
1282 634 1348 687 153
1388 635 1455 687 143
1495 635 1561 687 133
1602 634 1670 688 163
1707 635 1906 688 17-27,
1937 635 2019 676 1106
2053 649 2116 676 01·-

419 708 525 760 (11116,
560 706 631 759 qui
659 705 828 758 quidem
856 705 961 745 ordo
988 704 1032 745 in
1058 704 1171 745 libro
1198 703 1278 744 XV
1310 719 1360 745 ex
1387 704 1667 759 glutinatoris
1694 705 1970 759 neglegentia
1996 709 2116 747 ortus

419 780 494 819 est.
551 776 686 817 redire
718 775 823 816 haec
863 778 1064 830 excerpta
1103 775 1154 816 ad
1193 774 1383 816 codicem
1425 775 1611 816 similem
1651 775 1740 816 eius
1780 791 1829 816 ex
1868 790 1953 830 quo
1993 776 2118 818 fluxit

418 847 673 888 Harleianus
709 847 822 887 2682
856 846 1134 887 manifestum
1161 848 1226 887 est
1253 861 1349 887 cum
1376 845 1482 887 alias
1510 850 1687 900 propter
1713 861 1792 900 res,
1824 849 1916 888 tum
1940 850 2118 901 propter

419 932 631 959 summam
677 917 1034 958 conformationis
1079 915 1464 972 similitudinem.¹)
1526 917 1726 958 dixerunt
1767 918 1817 958 de
1854 917 1935 959 hoc
1974 918 2118 960 codice

418 992 517 1043 post
556 988 662 1029 alios
690 988 738 1028 Ε.
765 987 960 1029 Wunder
999 985 1120 1043 (⁶var.
1153 987 1249 1028 lect.
1283 1002 1334 1028 ex
1366 988 1454 1028 cod.
1488 987 1653 1028 Erfurt.
1686 987 1815 1028 enot.'
1855 988 1969 1043 Lips.
2008 990 2116 1032 1827

417 1076 455 1114 p.
478 1059 563 1100 VII
578 1057 659 1114 sq.)
681 1059 753 1112 qui
775 1061 842 1100 sat
863 1058 1092 1113 diligenter
1113 1058 1310 1111 contulit,
1332 1061 1375 1099 et
1395 1057 1440 1098 L.
1460 1057 1506 1099 F.
1530 1058 1662 1099 Hesse
1683 1057 1877 1113 ‹Serapei
1898 1058 2119 1101 t.XXVII.

422 1131 544 1172 1866.
577 1146 615 1184 p.
642 1130 698 1171 49
714 1129 794 1184 sq.)
834 1129 906 1183 qui
944 1129 1046 1170 fatis
1085 1129 1186 1170 libri
1226 1129 1473 1170 enarrandis
1514 1144 1688 1183 operam
1727 1128 1898 1183 dedit.²)
1956 1131 2120 1172 contuli

419 1216 453 1242 a.
484 1201 607 1242 1882.

535 1271 581 1312 hi
608 1272 745 1327 igitur
778 1271 860 1312 duo
889 1271 1055 1312 codices
1089 1286 1186 1314 cum
1214 1270 1444 1325 supersint,
1477 1272 1617 1312 minus
1644 1271 1876 1327 benignam
1902 1272 2121 1314 fortunam

418 1343 491 1383 alii
532 1345 633 1383 sunt
672 1342 848 1396 experti.
906 1342 1063 1396 quippe
1101 1357 1278 1396 prorsus
1314 1342 1482 1383 interiit
1516 1343 1551 1383 is
1582 1342 1693 1384 liber
1724 1343 1835 1384 unde
1868 1344 2021 1386 ductus
2054 1347 2122 1386 est

420 1414 644 1455 Palatinus
676 1413 782 1466 598,
827 1428 1048 1467 paucaque
1094 1413 1160 1454 sui
1204 1412 1388 1468 vestigia
1433 1413 1608 1467 reliquit
1648 1414 1690 1454 id
1729 1415 1972 1468 exemplum
2012 1415 2121 1456 unde

418 1485 543 1539 plura
581 1485 625 1525 in
665 1484 898 1525 editionem
937 1498 1057 1525 suam
1096 1484 1322 1525 transtulit
1354 1485 1545 1526 Andreas
1580 1483 1819 1525 Cratander.
1877 1485 2033 1539 quibus
2071 1486 2121 1527 de

419 1556 547 1597 rebus
579 1555 685 1596 haec
718 1555 974 1597 adnotanda.

537 1624 742 1681 Romaess)
770 1641 883 1667 nunc
910 1628 977 1666 est
1004 1624 1060 1681 (v.
1085 1625 1133 1666 H.
1157 1624 1396 1666 Stevenson
1421 1625 1526 1667 ‘cod
1546 1625 1684 1667 Palat.
1704 1626 1817 1668 Lat?
1836 1626 1857 1667 I
1882 1641 1922 1680 p.
1943 1627 2023 1668 201
2039 1625 2120 1683 sq.)

541 1756 574 1800 1)
601 1766 645 1789 ex
671 1754 752 1798 ipso
779 1753 980 1788 Harleiano
1008 1764 1087 1787 esse
1107 1753 1354 1798 transcriptas
1380 1753 1518 1788 codicis
1546 1753 1772 1788 Erfurtensis
1798 1753 2008 1788 orationum
2034 1754 2123 1789 Ver—

419 1803 583 1837 rinarum
609 1801 813 1846 particulas
841 1801 939 1845 quod
966 1801 1139 1834 adfirmat
1165 1800 1276 1835 Clark
1303 1803 1349 1844 (V.
1377 1801 1400 1836 1.
1428 1812 1457 1835 c.
1482 1814 1516 1845 p.
1538 1801 1614 1844 XV,
1641 1801 1756 1835 LXIII
1781 1802 1818 1835 et
1846 1801 2123 1836 ‘Transactions

421 1850 461 1884 of
483 1850 546 1884 the
568 1849 705 1883 Oxford
732 1848 975 1893 philological
1003 1847 1142 1891 society
1171 1851 1260 1881 1888
1312 1849 1370 1881 89⁷
1399 1861 1433 1893 p.
1456 1851 1501 1892 5),
1530 1848 1567 1881 id
1594 1860 1682 1882 num
1707 1859 1837 1883 verum
1863 1848 1912 1883 sit
1936 1860 2010 1883 11011
2032 1849 2124 1883 mihi

420 1897 673 1941 quaerendum
704 1898 770 1930 est.
822 1895 960 1940 quippe
994 1895 1176 1940 epistulae
1209 1895 1299 1939 quin
1330 1895 1434 1930 illinc
1465 1907 1539 1930 non
1565 1895 1738 1930 fluxerint
1764 1895 1919 1930 dubium
1944 1907 2024 1931 esse
2049 1908 2123 1931 non

419 1946 559 1989 potest:
585 1956 618 1978 v,
647 1944 730 1978 adn.
759 1943 837 1977 crit.
867 1943 915 1976 ad
941 1943 1017 1986 XII,
1046 1947 1105 1976 21:
1134 1942 1205 1977 erit
1230 1942 1269 1976 id
1298 1943 1405 1985 th,
1431 1943 1501 1977 erit
1528 1943 1663 1983 MHD,
1691 1942 1759 1978 ib.:
1789 1943 1978 1988 legatione
2004 1943 2124 1978 libera

423 1992 628 2034 FLD2mh,
662 1990 849 2036 legatione
876 1990 995 2024 libera
1022 1990 1128 2033 MD1,
1162 1989 1327 2034 legiones
1354 1989 1513 2024 liberare
1542 1991 1595 2033 Η,
1623 1993 1678 2030 29,
1706 1994 1743 2024 3:
1777 1990 1897 2034 deque
1923 2001 1965 2024 eo
1993 1990 2124 2036 scripsi

421 2039 468 2073 ad
495 2041 531 2073 te
558 2037 697 2073 recenti
727 2038 839 2080 th,
872 2039 913 2071 ut
938 2039 1018 2071 tum
1044 2037 1088 2071 de
1117 2048 1158 2071 eo
1187 2037 1317 2081 scripsi
1342 2037 1482 2072 recenti
1508 2039 1538 2081 (r
1564 2037 1620 2071 H*
1647 2049 1690 2072 esc
1716 2037 1754 2081 d)
1782 2037 1839 2079 H,
1866 2037 1968 2081 XIII,
1997 2041 2058 2081 78,
2086 2042 2121 2073 1:

421 2088 474 2120 est
503 2086 636 2126 MDF,
670 2097 735 2120 om.
766 2086 820 2127 H,
849 2088 908 2127 78,
937 2090 973 2119 2:
1006 2086 1073 2119 tua
1099 2084 1233 2126 MDF,
1261 2096 1326 2119 om.
1356 2085 1404 2127 H,
1432 2085 1509 2127 XV,
1537 2089 1568 2127 4,
1597 2088 1633 2119 9:
1667 2085 1791 2118 castra
1816 2084 1951 2128 MDF,
1979 2096 2044 2120 om.
2072 2085 2123 2129 H,

420 2134 497 2176 XV,
526 2137 579 2175 14,
607 2137 645 2168 4:
678 2131 819 2167 recenti
851 2132 1008 2166 victoria
1036 2132 1171 2174 MDF,
1202 2131 1342 2166 recenti
1375 2131 1496 2176 gloria
1521 2132 1580 2166 vel
1606 2131 1765 2166 victoria
1791 2132 1847 2175 H,
1875 2132 1969 2176 XVI,
1997 2136 2058 2175 14,
2087 2135 2122 2167 1:

420 2180 538 2214 nihilo
566 2192 647 2214 sum
674 2180 734 2223 M,
761 2179 863 2213 nullo
891 2191 971 2213 sum
998 2179 1091 2222 FD,
1118 2178 1221 2212 nullo
1249 2179 1357 2213 modo
1385 2191 1465 2212 sum
1492 2179 1548 2223 H,
1575 2178 1669 2222 XVI,
1697 2182 1752 2223 24,
1780 2183 1816 2213 2:
1849 2179 2004 2214 hirtium
2029 2180 2124 2222 MD,

421 2228 550 2272 hyiuni
578 2228 616 2262 F
620 2256 626 2264 ,
659 2239 723 2262 om.
753 2239 831 2261 omn
857 2231 948 2270 spat.
978 2230 1067 2260 6-7
1095 2227 1162 2261 litt.
1191 2227 1232 2260 H
1257 2228 1325 2261 cet.
1353 2226 1525 2270 equidem
1552 2237 1635 2262 eum
1661 2237 1806 2261 omnem
1833 2226 2054 2261 eiuraverim
2079 2227 2124 2261 de

422 2275 590 2309 codicum
622 2286 717 2308 nexu
750 2273 938 2319 primitivo
973 2273 1238 2314 coniecturam,
1271 2284 1316 2308 ne
1349 2274 1387 2307 id
1419 2273 1569 2318 quidem
1602 2285 1778 2317 quaeram
1811 2274 1938 2308 curin
1963 2285 2019 2319 ep.
2045 2274 2124 2318 XII⁷

423 2327 464 2356 21
494 2324 530 2356 et
556 2325 599 2355 29
628 2322 666 2356 F
691 2321 851 2355 maxime
878 2320 1075 2355 conveniat
1100 2332 1184 2355 cum
1209 2322 1277 2365 mh,
1304 2320 1327 2356 i.
1350 2332 1379 2355 e.
1402 2333 1483 2356 cum
1510 2332 1552 2355 eo
1573 2321 1705 2355 harum
1724 2321 1935 2355 litterarum
1955 2321 2124 2366 exemplo

423 2370 521 2413 quod
548 2369 586 2403 in
612 2369 685 2403 ΜΗ
711 2368 912 2413 repetitum
938 2369 1043 2402 extat
1068 2369 1153 2413 post
1178 2380 1233 2413 ep.
1261 2368 1355 2412 XIII,
1384 2372 1436 2403 77.

541 2418 575 2459 2)
606 2416 701 2450 liber
732 2415 975 2457 Erfurtensis,
1015 2427 1242 2459 quamquam
1279 2415 1422 2450 incerta
1460 2415 1537 2449 eius
1577 2417 1662 2449 sunt
1699 2417 1737 2449 et
1775 2415 1876 2460 origo
1910 2416 1948 2449 et
1978 2415 2124 2449 natales

424 2466 470 2506 (fv.
498 2477 531 2507 p.
554 2465 600 2497 IX
630 2464 712 2498 adn.
734 2465 784 2507 2),
813 2463 966 2496 dubium
986 2474 1059 2496 11011
1086 2464 1143 2497 est
1168 2462 1256 2507 quin
1282 2465 1427 2497 mature
1453 2462 1565 2497 fuerit
1591 2462 1876 2497 corbeiensium.
1928 2462 1976 2496 ad
2001 2462 2124 2496 Erfur-

424 2512 546 2544 tenses
591 2511 739 2554 quando
782 2509 992 2555 pervenerit
1029 2510 1315 2555 incompertum:
1361 2510 1552 2544 donatoris
1592 2509 1689 2544 enim
1728 2511 1896 2554 tempora
1935 2509 2127 2550 (‘contulit

424 2558 601 2591 Dominus
623 2558 758 2592 Doctor
784 2558 822 2591 in
849 2557 1043 2591 medicinis
1064 2557 1171 2591 Solco
1197 2557 1410 2592 1.—}0hemus⁷2
1438 2558 1553 2592 Hesse
1574 2557 1596 2592 1.
1619 2569 1646 2591 c.
1669 2569 1692 2601 p
1726 2559 1785 2599 52)
1805 2568 1851 2591 ne
1872 2557 1928 2591 W.
1951 2556 2124 2591 Schumio

425 2605 574 2648 quidem
600 2606 698 2638 nota.
740 2607 841 2639 certa
866 2607 993 2639 tamen
1019 2604 1157 2638 codicis
1185 2606 1288 2638 extat
1312 2604 1492 2639 memoria
1511 2604 1549 2638 in
1572 2604 1743 2648 ‘registro
1764 2603 1938 2638 Iiberarie
1958 2603 1996 2637 in
2017 2604 2125 2637 domo

427 2651 680 2685 universitatis
702 2651 821 2696 Studij
845 2651 1131 2695 Erdfordensis'‚
1160 2652 1256 2686 inter
1276 2663 1390 2686 annos
1413 2656 1502 2686 1480
1530 2653 1566 2686 et
1594 2654 1694 2691 1485,
1722 2653 1763 2685 ut
1788 2651 1945 2693 videtur,
1973 2661 2016 2685 eo
2042 2662 2124 2684 con-

426 2699 540 2742 fecto,
566 2711 600 2733 v.
626 2699 669 2733 H.
693 2698 733 2733 O.
755 2699 880 2743 Lange
909 2698 1124 2734 ‘Centralbl
1152 2699 1175 2733 f.
1203 2699 1499 2733 Bibliothekswf
1528 2699 1570 2733 11.
1600 2702 1701 2732 1885.
1728 2711 1762 2743 p.
1784 2702 1863 2732 283.
1913 2697 2125 2732 hominibus

427 2746 544 2779 doctis
571 2745 735 2780 innotuit
759 2746 965 2790 ceterisque
986 2746 1174 2791 opusculis
1195 2745 1378 2781 Tullianis
1400 2745 1592 2780 adhibitus
1613 2746 1669 2779 est
1689 2745 1774 2780 inde
1795 2757 1817 2780 a
1835 2744 1958 2779 medio
1977 2744 2126 2779 saeculo

428 2795 529 2826 sexto
563 2793 722 2836 decimo,
761 2805 792 2826 v.
829 2793 944 2827 Hesse
976 2793 998 2828 I.
1034 2805 1063 2828 c.
1097 2793 1281 2838 epistulae
1313 2794 1439 2827 tamen
1472 2795 1558 2827 ante
1590 2793 1820 2827 VVunderum
1852 2803 1874 2825 a
1904 2791 2007 2825 nullo
2041 2793 2127 2825 sunt

429 2851 618 2875 excussae:
659 2842 756 2874 certe
788 2851 856 2874 nec
888 2841 986 2884 apud
1022 2841 1218 2875 Gruterum
1249 2852 1316 2875 nec
1352 2862 1389 2865 -
1424 2841 1523 2884 quod
1554 2840 1688 2874 mirere
1721 2861 1762 2865 —
1797 2839 1895 2884 apud
1928 2838 2126 2873 Graevium

429 2897 552 2919 earum
593 2888 635 2921 fit
671 2886 820 2921 mentio.
878 2890 963 2932 post
994 2888 1221 2922 Wunderum
1263 2888 1382 2922 denuo
1415 2888 1625 2931 iacuerunt,
1666 2885 1795 2921 Orellii
1825 2885 1985 2920 maxime
2017 2886 2127 2930 culpa

428 2942 473 2976 0⁷.
503 2933 629 2977 infra),
665 2935 781 2968 donec
814 2934 1053 2968 resuscitavit
1078 2935 1133 2969 Fr.
1157 2935 1338 2969 Bucheler
1363 2934 1418 2979 (Q.
1441 2935 1512 2970 Cic.
1540 2934 1604 2968 rel.
1634 2937 1733 2968 1869.
1761 2945 1795 2977 p.
1819 2937 1878 2975 11,
1911 2933 1975 2967 ubi
2001 2935 2127 2967 tamen

430 2990 473 3013 ex
500 2980 685 3023 Meynekii
712 2981 849 3016 iudicio
876 2981 990 3015 codex
1017 2981 1054 3014 in
1081 2993 1174 3016 saec
1203 2982 1344 3025 XllXII
1370 2981 1609 3027 provehitur).

549 3030 584 3060 3⁸»
610 3028 832 3062 Vaticanam
859 3040 954 3072 quae
980 3029 1090 3062 hodie
1111 3030 1167 3062 est
1186 3029 1455 3064 bibliothecam
1475 3040 1581 3072 comp
1597 3029 1704 3061 ·rtum
1724 3027 1799 3061 iam
1820 3029 1877 3062 est
1894 3038 1967 3062 non
1987 3027 2126 3061 habere

430 3073 505 3107 fere
540 3074 682 3108 codices
716 3078 802 3110 ante
836 3087 929 3111 saec.
950 3075 1017 3109 XV
1050 3078 1299 3120 comparatos:
1333 3076 1469 3121 quippe
1500 3075 1637 3120 partim
1670 3074 1859 3119 perierunt
1886 3074 2024 3119 partim
2050 3073 2125 3108 alio

431 3120 657 3154 devenerunt
683 3122 909 3166 antiquiores
941 3122 1157 3167 pontificum
1190 3122 1444 3159 collectiones.
1477 3133 1558 3156 cum
1595 3121 1832 3156 Bonifatiana
1863 3123 1941 3156 tum
1967 3121 2126 3157 Avenio-
