2242 3496
364 158 449 198 360
960 151 1005 184 M.
1034 149 1173 183 'rvlzm
1200 147 1451 183 CICERONIS

365 267 517 320 sponte
550 263 732 305 amicum
763 256 1112 302 Lacedaemoniis
1146 259 1189 297 et
1221 270 1313 298 esse
1347 257 1390 297 et
1420 255 1523 298 fore.
1582 271 1712 311 quare
1754 259 1925 298 tantum
1959 271 1983 299 a
2014 259 2057 299 te

364 338 483 391 peto,
514 337 580 388 ut,
613 347 741 388 quom
774 346 822 372 ea
854 329 983 370 facies
1016 326 1455 369 Lacedaemoniorum
1493 341 1638 378 causa,
1681 341 1789 382 quae
1828 333 1904 369 tua
1941 328 2059 382 fides,

366 405 619 461 amplitudo,
656 401 823 445 iustitia
853 397 1064 454 postulat,
1104 399 1154 439 ut
1185 397 1267 452 eis,
1307 396 1343 438 si
1375 396 1458 438 tibi
1489 396 1722 452 videbitur,
1760 397 1977 452 significes
2015 401 2058 440 te

367 491 451 518 non
483 475 660 516 moleste
699 473 825 525 ferre,
870 469 983 524 quod
1021 468 1252 524 intellegas
1291 482 1357 523 ca,
1403 482 1510 522 quae
1548 467 1700 523 facias,
1743 468 1849 509 mihi
1888 483 2058 523 quoque

368 549 491 602 grata
523 559 631 597 essc3
674 541 861 597 pertinet
894 541 1008 582 enim
1041 540 1093 581 ad
1126 539 1316 581 officium
1355 553 1498 580 meum
1537 553 1608 581 eos
1647 538 1896 581 existimare
1935 553 2060 582 curae
2096 551 2112 578 5

370 617 473 659 mihi
507 629 603 656 suas
637 628 703 655 res
735 627 845 654 esse:
877 611 959 653 hoc
992 614 1034 652 te
1068 612 1286 652 vementer
1318 610 1451 652 etiam
1484 612 1613 665 atque
1647 610 1778 652 etiam
1809 624 1929 666 rogo.

1042 750 1198 792 XXIX.
1244 749 1382 807 (188.)

858 858 914 900 M.
942 856 1151 910 CICERO
1185 856 1232 898 L.
1259 855 1490 899 PLANCO
1526 855 1566 899 8.

483 967 581 1009 Non
625 966 815 1020 dubito,
839 965 942 1019 quin
986 963 1096 1005 scias
1138 964 1183 1005 in
1222 962 1282 1005 eis
1320 963 1593 1019 necessariis,
1639 965 1711 1019 qui
1757 965 1838 1007 tibi
1878 982 1902 1007 a
1939 969 2062 1020 patre

367 1038 503 1080 relicti
536 1038 634 1092 sint,
666 1051 732 1078 me
764 1036 846 1078 tibi
878 1049 970 1077 esse
1003 1034 1069 1076 vel
1102 1033 1517 1090 coniunctissimum,
1548 1049 1636 1077 non
1662 1036 1722 1077 eis
1749 1037 1877 1079 modo
1910 1037 2064 1093 causis,
2085 1050 2118 1075 10

368 1125 473 1165 quae
512 1108 697 1164 speciem
733 1107 922 1149 habeant
958 1119 1139 1161 magnae
1178 1105 1512 1161 coniunctionis,
1553 1107 1626 1147 sed
1664 1107 1725 1148 eis
1764 1107 1915 1162 etiam,
1956 1122 2065 1162 quae

368 1179 660 1222 familiaritate
693 1180 736 1219 et
768 1176 1075 1219 consuetudine
1115 1178 1335 1230 tenentur,
1377 1190 1506 1230 quam
1545 1177 1629 1219 8618
1667 1177 1775 1219 1111111
1812 1176 2066 1220 iucundissi-

368 1266 481 1293 mam
514 1264 609 1291 cum
640 1250 762 1304 patre
796 1250 870 1289 tuo
904 1250 947 1289 et
979 1261 1193 1289 summam
1224 1246 1377 1302 fuisse3
1409 1247 1462 1288 ab
1495 1247 1563 1288 his
1595 1247 1733 1290 initiis
1764 1251 1914 1290 noster
1945 1248 1991 1290 in
2021 1251 2065 1290 te

369 1336 487 1363 amor
517 1319 735 1375 profectus
768 1318 887 1360 auxit
924 1320 1151 1373 paternam
1187 1317 1550 1360 necessitudinem
1587 1321 1631 1361 et
1669 1333 1718 1361 eo
1757 1319 1915 1375 magis,
1953 1319 2067 1374 quod

368 1391 578 1447 intellexi,
608 1393 658 1432 ut
689 1390 876 1446 primum
908 1404 984 1445 per
1017 1391 1204 1431 aetatem
1241 1389 1449 1431 iudicium
1486 1390 1627 1432 facere
1664 1390 1877 1446 potueris,
1915 1390 2067 1445 quanti
2087 1404 2121 1430 15

370 1464 547 1518 quisque
580 1462 662 1504 tibi
694 1461 912 1506 faciendus
946 1463 1071 1516 esset,
1103 1475 1170 1503 me
1203 1475 1227 1502 a
1259 1463 1302 1502 te
1332 1460 1377 1502 in
1400 1461 1552 1516 primis
1581 1464 1779 1516 coeptum
1805 1476 1898 1504 esse
1925 1475 2068 1517 opser-

372 1535 472 1586 vari,
505 1534 600 1590 coli,
631 1533 773 1589 diligi,
805 1533 1035 1575 accedebat
1065 1547 1153 1575 non
1184 1531 1398 1574 mediocre
1431 1532 1650 1575 vinculum
1683 1547 1780 1575 611111
1813 1533 2068 1588 studiorum,

371 1605 483 1661 quod
527 1605 670 1659 ipsum
714 1606 779 1646 est
822 1619 899 1659 per
938 1619 982 1646 se
1027 1617 1174 1659 grave,
1218 1606 1312 1645 tum
1356 1617 1504 1645 eorum
1549 1603 1792 1646 studiorum
1837 1619 2067 1659 earumque

371 1676 546 1729 artium,
588 1689 695 1729 quae
733 1690 809 1730 per
842 1689 886 1716 se
924 1674 1042 1730 ipsae
1082 1689 1173 1729 eos,
1215 1674 1289 1729 qui
1327 1675 1549 1716 voluntate
1588 1675 1736 1716 eadem
1775 1678 1893 1730 sunt,
1937 1675 2069 1717 etiam

326 1781 342 1791 u
370 1746 665 1788 familiaritate
710 1745 967 1788 devinciunt.
1030 1749 1278 1800 exspectare
1323 1749 1366 1787 te
1406 1746 1612 1800 arbitror,
1655 1745 1761 1789 haec
1806 1749 1897 1788 tam
1939 1746 2068 1802 longe
2088 1759 2122 1785 20

370 1818 552 1873 repetita
583 1816 793 1872 principia
826 1832 910 1872 quo
943 1819 1157 1872 spectent:
1198 1816 1241 1858 id
1271 1817 1461 1872 primum
1494 1831 1596 1873 ergo
1634 1817 1812 1873 habeto,
1852 1832 1941 1859 non
1978 1817 2069 1859 sine

371 1903 528 1944 magna
565 1888 763 1943 iustaque
802 1902 930 1930 causa
966 1888 1078 1930 hanc
1111 1903 1136 1929 a
1166 1902 1235 1929 me
1274 1888 1730 1930 commemorationem
1768 1903 1860 1930 esse
1897 1888 2070 1931 factam.

373 1958 416 2000 C.
443 1958 570 2000 Ateio
604 1958 814 2013 Capitone
852 1961 952 2001 utor
990 1958 1340 2024 familiarigsime.
1408 1962 1537 2001 notae
1575 1959 1658 2001 tibi
1699 1962 1800 2001 sunt
1837 1959 2070 2001 varietates

374 2044 565 2071 meorum
592 2032 853 2084 temporum:
880 2031 924 2072 in
951 2029 1069 2072 omni
1095 2044 1249 2086 genere
1277 2032 1320 2072 et
1344 2030 1558 2072 honorum
1585 2033 1628 2072 et
1652 2030 1853 2072 laborum
1878 2044 2071 2072 meorum

373 2103 416 2142 et
454 2101 620 2142 animus
659 2104 702 2142 et
740 2116 870 2156 opera
908 2104 951 2143 et
989 2100 1225 2144 auctoritas
1270 2104 1314 2143 et
1351 2102 1512 2157 gratia,
1557 2102 1689 2144 etiam
1731 2116 1799 2142 res
1843 2100 2071 2142 familiaris
2091 2113 2125 2140 25

374 2170 418 2213 C.
446 2171 669 2226 Capitonis
701 2174 875 2227 praesto
908 2172 992 2214 fuit
1024 2175 1067 2214 et
1097 2171 1244 2227 paruit
1276 2174 1319 2213 et
1350 2172 1619 2227 temporibus
1646 2175 1689 2214 et
1714 2172 1913 2214 fortunae
1940 2186 2072 2214 meae.

374 2241 499 2283 huius
531 2242 797 2298 propinquus
829 2242 914 2284 fuit
944 2243 990 2285 T.
1017 2241 1255 2298 Antistius,
1295 2242 1368 2298 qui
1407 2258 1504 2285 611111
1542 2246 1658 2285 sorte
1699 2245 1904 2298 quaestor
1933 2242 2072 2285 Mace-

375 2312 545 2353 doniam
577 2312 790 2367 optineret
821 2329 958 2369 neque
991 2314 1029 2355 ei
1062 2328 1308 2356 successum
1342 2316 1473 2368 esset,
1511 2314 1742 2369 Pompeius
1774 2314 1821 2355 in
1852 2328 1946 2356 eam
1977 2327 2072 2368 pro-

374 2383 557 2424 vinciam
589 2398 685 2425 cum
719 2385 907 2426 exercitu
938 2385 1067 2427 venit.
1123 2384 1263 2426 facere
1295 2383 1514 2426 Antistius
1546 2384 1657 2426 nihil
1687 2384 1851 2439 potuit,
1882 2398 2003 2439 nam,
2035 2383 2072 2425 si

376 2453 604 2508 potuisset,
644 2454 752 2495 nihil
785 2456 822 2496 ei
855 2455 1011 2497 fuisset
1042 2456 1263 2510 antiquius
1297 2470 1426 2510 quam
1459 2456 1511 2497 ad
1545 2454 1819 2510 Capitonem,
1857 2469 1984 2510 quem
2023 2456 2072 2496 ut
2091 2469 2126 2494 30

376 2527 597 2576 parentem
641 2524 868 2582 diligebat,
917 2528 1092 2582 reverti,
1142 2527 1398 2582 praesertim
1441 2526 1597 2581 <cum>
1643 2526 1791 2582 sciret,
1842 2525 1993 2581 quanti
2035 2524 2073 2566 is

377 2592 602 2636 Caesarem
633 2595 793 2639 faceret
825 2612 1076 2653 semperque
1108 2597 1300 2651 fecisset3
1344 2597 1417 2639 secl
1451 2611 1682 2652 oppressus
1720 2598 1890 2638 tantum
1922 2594 2074 2651 attigit

493 2725 522 2756 ’2.
563 2724 604 2757 ut
638 2735 749 2767 quam
788 2726 884 2768 (cum
917 2727 951 2770 ς)
991 2736 1035 2760 63
1071 2725 1187 2760 facies
1218 2726 1279 2769 M,
1318 2726 1360 2759 ut
1398 2736 1442 2760 63
1479 2724 1596 2759 facias
1629 2726 1687 2770 (ex
1717 2723 1833 2759 facies
1859 2723 1932 2769 Hl)
1963 2722 2116 2766 HD¹16

378 2772 407 2802 3,
434 2768 614 2815 postulat]
640 2770 849 2815 postulabit
874 2773 1084 2819 Wesenberg]
1103 2774 1114 2818 Η
1134 2772 1202 2819 618]
1229 2772 1287 2807 1118
1317 2775 1364 2817 Ψ,
1390 2772 1436 2807 118
1466 2772 1578 2808 Orelli
1602 2773 1614 2817 ΙΙ
1639 2775 1671 2807 6.
1697 2771 1937 2806 uehementer
1960 2770 2043 2805 HD
2062 2771 2073 2814 Ἰ

379 2819 407 2849 0.
437 2820 489 2850 10.
518 2820 571 2850 11.
599 2817 668 2863 eis]
694 2817 751 2852 his
781 2821 827 2862 Ψ,
854 2818 900 2853 118
928 2832 948 2857 ς
972 2822 984 2863 ΙΙ
1011 2823 1063 2854 10.
1093 2819 1168 2854 sint
1193 2820 1294 2864 MD,
1322 2821 1409 2854 sunt
1434 2820 1474 2854 H
1499 2821 1510 2864 ΙΙ
1537 2823 1591 2854 11.
1617 2819 1786 2854 habeant
1811 2847 1817 2853 .
1840 2847 1847 2853 .
1870 2847 1877 2854 .
1901 2846 1908 2852 .
1936 2820 1991 2851 12.
2017 2817 2071 2851 te-

378 2863 523 2908 nentur]
550 2863 690 2898 habent
716 2894 722 2900 .
745 2894 752 2900 .
775 2895 781 2901 .
804 2895 810 2901 .
837 2867 1010 2901 tenentur
1035 2872 1100 2902 aut
1125 2867 1292 2902 habeant
1311 2896 1317 2902 .
1335 2896 1340 2901 .
1359 2896 1365 2902 .
1383 2896 1389 2903 .
1409 2868 1609 2901 teneantur
1627 2867 1706 2902 alii.
1744 2865 1886 2899 habent
1905 2863 2072 2907 aliquam

381 2938 386 2942 .
410 2938 414 2943 .
438 2938 472 2962 ·:
499 2911 671 2962 tenentur
695 2913 904 2948 dubitanter
929 2914 978 2948 Η.
1000 2914 1047 2949 A.
1069 2915 1173 2949 Koch
1197 2915 1350 2959 (Philol.
1378 2914 1470 2949 Am.
1496 2914 1530 2948 V
1549 2925 1587 2958 p.
1611 2914 1705 2957 161).
1742 2913 1798 2946 ‘nil
1826 2911 2043 2946 mutandum
2061 2911 2073 2955 ΙΙ

382 2959 432 2990 13.
460 2956 617 3003 mitiissy
646 2960 787 3004 noster,
824 2972 895 2995 ras.
929 2964 948 2994 2
977 2962 1063 3004 lita,
1094 2962 1143 2996 M
1174 2963 1185 3005 ΙΙ
1223 2965 1276 2996 13.
1307 2965 1360 2996 14.
1394 2961 1433 2995 111
1464 2962 1501 2995 te
1533 2971 1636 2994 amor
1660 2959 1715 3003 M,
1755 2968 1858 2993 amor
1888 2957 1929 2991 in
1958 2959 1996 2992 te
2023 2958 2073 3002 D,

381 3013 481 3036 amor
509 3005 549 3037 H
575 3006 586 3048 Η
619 3009 673 3041 16.
699 3006 770 3040 tibi
795 3006 951 3051 quisque
976 3008 1015 3042 D
1040 3009 1051 3052 ΙΙ
1077 3013 1130 3043 17.
1159 3007 1230 3043 coli
1256 3008 1347 3052 HD,
1374 3008 1458 3054 cogi
1483 3008 1532 3042 M
1551 3009 1563 3051 ΙΙ
1589 3010 1642 3041 18.
1669 3016 1735 3050 per
1759 3016 1798 3040 se
1823 3005 1881 3039 est
1905 3004 1944 3039 D
1962 3006 1974 3049 ΙΙ
1992 3005 2075 3039 tum

381 3050 520 3095 eorum]
546 3051 625 3085 tum
650 3064 814 3088 meorum
842 3057 881 3088 Ψ
914 3056 926 3099 ΙΙ
965 3058 1018 3090 19.
1045 3055 1150 3099 ipsae
1175 3056 1237 3099 M,
1263 3055 1365 3100 ipsas
1390 3055 1472 3090 HD
1509 3056 1520 3098 ss
1558 3057 1612 3087 24.
1639 3063 1772 3097 genere
1797 3052 1980 3087 honorum
2005 3052 2050 3087 H
2064 3052 2076 3097 Η

382 3098 436 3130 27.
462 3095 555 3130 forte
581 3099 623 3131 H
639 3101 650 3143 ΙΙ
670 3104 723 3135 30.
751 3112 862 3144 quam
888 3102 951 3146 ad]
979 3112 1092 3145 quam
1116 3103 1158 3136 ut
1185 3105 1251 3147 ΨΙΙ
1271 3106 1326 3137 31.
1353 3113 1436 3136 611111
1463 3113 1494 3145 ς,
1521 3112 1585 3136 om.
1619 3102 1658 3133 Ψ
