2242 3496
417 156 497 196 138
1010 156 1058 189 M.
1086 155 1225 189 TVLLI
1253 154 1502 190 CICERONIS

414 268 514 305 sunt
546 264 729 305 certiora
760 264 859 317 illis,
892 262 1033 304 minus
1060 266 1206 304 tamen
1231 263 1394 305 habent
1426 264 1493 305 vel
1527 264 1807 307 obscuritatis
1839 266 1906 306 vel
1939 265 2109 307 erroris.

367 346 385 375 S
412 337 620 376 notantur
664 337 807 375 autem
851 333 958 374 mihi
1003 334 1055 374 ad
1099 334 1377 376 divinandum
1428 335 1552 390 signa
1596 336 1756 390 duplici
1801 336 1986 390 quadam
2029 335 2109 391 via,

342 1553 382 1583 10

342 2194 379 2223 11

413 420 593 460 quarum
620 405 801 446 alteram
828 404 935 445 duco
969 419 990 445 6
1025 403 1206 447 Caesare
1240 405 1347 460 ipso,
1380 405 1561 447 alteram
1593 421 1614 447 6
1647 409 1892 462 temporum
1919 406 2109 448 civilium

410 480 565 517 natura
610 478 738 528 atque
783 474 961 516 ratione.
1033 475 1078 516 in
1123 474 1305 517 Caesare
1355 476 1460 518 haec
1505 479 1626 518 sunt:
1676 478 1795 519 mitis
1840 477 2109 532 clemensque

410 549 576 598 natura,
609 544 747 599 qualis
775 545 1030 599 exprimitur
1061 545 1282 599 praeclaro
1316 545 1391 588 illo
1423 547 1536 588 libro
1570 546 1884 602 ‘querelarum'
1918 550 2106 603 tuarum3
2147 562 2164 588 5

411 617 589 670 accedit,
632 616 745 671 quod
784 616 964 658 mirifice
1002 616 1188 671 ingeniis
1226 617 1554 673 excellentibus,
1596 618 1720 673 quale
1760 622 1826 660 est
1863 622 2004 673 tuum,
2041 619 2110 660 de-

410 688 610 741 lectatur,
653 690 876 741 praeterea
918 687 1031 729 cedit
1074 688 1311 729 multorum
1350 688 1475 730 iustis
1515 692 1558 730 et
1596 690 1739 731 officio
1777 690 1980 744 incensis,
2022 704 2112 731 non

409 757 608 799 inanibus
641 761 716 799 aut
749 758 1007 813 ambitiosis,
1038 758 1352 815 voluntatibus,
1383 759 1429 800 in
1461 775 1544 814 quo
1577 760 1853 802 vehementer
1885 776 1982 802 eum
2014 775 2111 803 con-

410 829 599 870 sentiens
637 828 817 870 Etruria
855 829 1059 871 movebit.
1121 844 1196 872 cur
1233 830 1338 872 haec
1382 830 1519 886 igitur
1557 830 1695 873 adhuc
1733 847 1887 886 parum
1923 831 2111 886 profece-

408 900 537 941 runt?
596 900 696 954 quia
727 915 813 942 11011
845 903 972 955 putat
1005 916 1048 942 se
1082 901 1294 943 sustinere
1325 916 1474 943 causas
1507 917 1634 956 posse
1668 903 1916 957 multorum,
1949 902 1986 944 si
2017 902 2165 958 tibi,10

409 971 476 1013 cui
519 970 677 1012 iustius
722 971 892 1013 videtur
942 972 1070 1013 irasci
1121 987 1268 1027 posse,
1319 974 1589 1015 concesserit.
1660 972 1789 1028 equae
1835 976 1900 1015 est
1942 972 2112 1029 igitur'‚

408 1042 596 1097 inquies,
643 1041 761 1097 ‘spes
807 1043 859 1084 ab
905 1043 1069 1085 irato‘?'
1139 1044 1288 1086 eodem
1331 1044 1451 1085 fonte
1496 1059 1540 1086 36
1585 1045 1842 1086 hausturum
1885 1044 2112 1100 intelleget

408 1114 555 1155 laudes
589 1128 706 1166 suas,
745 1128 766 1154 e
800 1129 883 1168 quo
918 1114 975 1155 sit
1006 1104 1158 1155 leviter
1200 1129 1411 1169 aspersus.
1472 1118 1694 1170 postremo
1726 1116 1856 1157 homo
1889 1116 2012 1157 valde
2046 1118 2112 1157 est

409 1187 558 1226 acutus
592 1187 636 1226 et
668 1184 854 1225 multum
878 1185 1127 1239 providens:
1159 1185 1378 1241 intellegit
1410 1189 1464 1240 te,
1496 1186 1715 1228 hominem
1741 1187 1786 1228 in
1810 1189 1932 1242 parte
1958 1185 2111 1229 Italiae

409 1255 584 1296 minime
624 1256 936 1297 contemnenda
972 1256 1099 1298 facile
1139 1257 1331 1298 omnium
1369 1257 1690 1299 nobilissimum
1729 1260 1771 1298 et
1808 1257 1854 1298 in
1892 1257 2111 1300 communi
2132 1273 2165 1298 15

407 1342 451 1368 re
495 1342 535 1381 p.
581 1326 715 1368 cuivis
762 1341 1030 1368 summorum
1074 1330 1174 1369 tuae
1219 1328 1375 1369 aetatis
1419 1329 1486 1369 vel
1530 1328 1704 1383 ingenio
1750 1328 1816 1370 vel
1861 1329 2003 1384 gratia
2046 1329 2112 1370 vel

407 1399 523 1439 fama
566 1398 717 1452 populi
757 1397 807 1439 R.
849 1413 1017 1453 parem,
1061 1414 1148 1440 non
1191 1414 1318 1454 posse
1361 1399 1583 1454 prohiberi
1625 1414 1669 1440 re
1713 1399 1889 1454 publica
1931 1399 2113 1455 diutius,

408 1469 526 1511 nolet
571 1469 653 1511 1106
698 1469 906 1524 temporis
950 1470 1095 1524 potius
1141 1484 1233 1512 esse
1279 1471 1510 1525 aliquando
1554 1471 1810 1512 beneficium
1856 1486 1985 1526 quam
2025 1471 2112 1513 iam

409 1556 546 1582 suum.
597 1540 684 1582 dixi
712 1540 761 1581 de
789 1539 989 1596 Caesare3
1020 1557 1134 1583 1111116
1161 1541 1298 1584 (1166111
1327 1543 1377 1583 (16
1410 1545 1657 1597 temporum
1683 1556 1912 1597 rerumque
1937 1545 2112 1584 natura:

407 1627 532 1654 nemo
566 1614 632 1654 est
663 1614 753 1652 tam
786 1612 986 1654 inimicus
1019 1613 1058 1654 ei
1091 1628 1255 1664 causae⁷
1290 1628 1417 1668 quam
1444 1613 1674 1668 Pompeius
1708 1614 1924 1655 animatus
1957 1614 2110 1656 melius
2131 1630 2165 1654 20

409 1699 538 1738 quam
569 1686 744 1738 paratus
779 1687 1043 1739 susceperat,
1082 1684 1155 1739 qui
1186 1699 1265 1726 nos
1299 1685 1437 1726 malos
1477 1684 1582 1726 civis
1621 1684 1760 1726 dicere
1800 1687 1875 1726 aut
1912 1685 2110 1727 homines

408 1755 630 1809 improbos
664 1754 835 1808 audeat,
868 1755 913 1796 in
946 1770 1030 1810 quo
1064 1756 1268 1797 admirari
1301 1756 1417 1797 soleo
1451 1755 1713 1811 gravitatem
1745 1758 1789 1797 et
1820 1755 2035 1797 iustitiam
2068 1759 2112 1797 et

409 1826 665 1880 sapientiam
711 1824 927 1867 Caesaris:
970 1841 1206 1881 numquam
1249 1827 1335 1868 nisi
1377 1827 1813 1868 honorificentissime
1856 1825 2111 1881 Pompeium

408 1897 611 1952 appellat.
667 1897 734 1938 ‘at
765 1897 810 1938 in
843 1897 932 1938 eius
964 1913 1149 1953 persona
1181 1898 1319 1939 multa
1356 1897 1460 1939 fecit
1492 1897 1719 1952 asperius.'
1776 1913 1994 1940 armorum
2025 1898 2112 1940 ista

408 1972 451 2010 et
490 1968 696 2010 victoriae
735 1971 835 2010 sunt
872 1968 1005 2023 facta,
1045 1983 1134 2010 non
1172 1968 1379 2010 Caesaris.
1443 1971 1488 2010 at
1524 1983 1603 2010 nos
1647 1969 2007 2023 quemadmodum
2045 1972 2111 2011 est
2130 1982 2165 2008 25

409 2039 673 2094 complexus!
737 2039 936 2082 Cassium
975 2040 1059 2082 sibi
1096 2040 1278 2096 legavit,
1322 2039 1508 2081 Brutum
1548 2039 1711 2082 Galliae
1749 2039 1973 2095 praefecit,
2019 2039 2112 2082 Sul-

406 2111 568 2165 picium
602 2110 830 2165 Graeciae,
862 2111 1134 2167 Marcellum,
1167 2111 1235 2153 cui
1268 2111 1452 2153 maxime
1486 2112 1782 2167 suscensebat,
1813 2126 1911 2153 cum
1943 2126 2112 2153 summa

409 2182 525 2223 illius
571 2181 783 2237 dignitate
828 2183 1030 2224 restituit.
1101 2198 1185 2238 quo
1224 2183 1359 2239 igitur
1402 2183 1507 2225 haec
1553 2184 1780 2237 spectant?
1843 2198 1986 2224 rerum
2028 2183 2111 2224 hoc

406 2257 562 2295 natura
601 2256 643 2295 et
681 2254 873 2295 civilium
914 2257 1160 2309 temporum
1198 2269 1285 2296 non
1322 2255 1530 2309 patietur,
1573 2269 1652 2296 nee
1690 2269 1867 2296 manens
1905 2269 1984 2295 nec
2021 2269 2111 2295 mu-

407 2325 554 2378 ta<ta>
589 2325 700 2366 ratio
733 2324 863 2380 feret,
895 2325 1084 2379 primum
1115 2328 1164 2366 ut
1195 2340 1282 2367 non
1313 2326 1358 2367 in
1391 2340 1518 2367 causa
1549 2325 1644 2380 pari
1670 2325 1817 2366 eadem
1849 2325 1907 2367 sit
1937 2327 1981 2367 et
2014 2340 2109 2367 6011-
2129 2338 2164 2363 30

408 2396 518 2437 dicio
553 2399 594 2437 et
627 2396 801 2438 fortuna
841 2397 1050 2450 omnium,
1092 2396 1243 2437 deinde
1276 2399 1323 2438 ut
1355 2396 1400 2437 in
1432 2411 1527 2438 eam
1567 2396 1786 2437 civitatem
1819 2395 1921 2437 boni
1952 2394 2034 2437 viri
2067 2398 2110 2437 et

407 2467 510 2507 boni
549 2466 661 2508 cives
706 2467 826 2508 nulla
869 2467 1109 2523 ignominia
1149 2467 1291 2509 notati
1329 2482 1417 2509 non
1459 2469 1749 2520 revertantur,
1794 2466 1839 2507 in
1877 2481 2006 2521 quam
2043 2469 2110 2508 tot

362 2549 379 2577 ⁴„
407 2538 672 2579 nefariorum
699 2539 908 2580 scelerum
937 2538 1208 2580 condemnati
1236 2541 1515 2580 reverterunt.
1552 2538 1685 2580 habes
1706 2537 1935 2593 augurium
1956 2552 2109 2592 meum,

529 2670 557 2701 1.
586 2668 727 2702 habent
752 2679 818 2702 om.
848 2668 881 2702 G
900 2669 911 2712 Η
932 2672 962 2702 2.
991 2669 1116 2702 autem
1142 2680 1209 2702 om.
1233 2668 1269 2702 R
1289 2669 1300 2711 Η
1319 2666 1382 2700 uia
1407 2679 1451 2701 ex
1476 2666 1578 2701 uiam
1603 2667 1762 2701 radendo
1789 2666 1838 2700 M
1852 2668 1862 2708 ΙΙ
1882 2670 1913 2700 3.
1941 2653 2107 2709 alteram,

410 2725 429 2746 a
458 2728 477 2747 α
498 2726 542 2749 m.
566 2718 595 2758 1,
622 2715 669 2757 R,
698 2714 855 2748 alteram
881 2727 924 2749 ea:
951 2715 1068 2749 altero
1096 2717 1140 2759 (22)
1169 2715 1230 2757 G1‚
1258 2714 1417 2748 alterum
1443 2715 1491 2748 M
1505 2716 1516 2758 ΙΙ
1537 2714 1628 2748 duce
1651 2714 1694 2757 G,
1724 2712 1806 2747 dico
1826 2713 1863 2748 R
1882 2714 1893 2756 11
1913 2723 1932 2746 e
1958 2724 2023 2747 om.
2046 2713 2080 2748 G
2099 2714 2109 2743 '1

411 2761 566 2795 alteram
593 2773 611 2796 6
640 2763 729 2803 GR,
764 2762 883 2796 altera
914 2774 972 2796 me
999 2763 1047 2796 M
1075 2762 1250 2805 (alterum
1281 2763 1359 2797 ΙΙΙΓἸ
1392 2764 1402 2806 ΙΙ
1435 2766 1465 2795 5.
1500 2761 1565 2795 illo
1598 2774 1631 2805 q.
1658 2762 1684 2795 t.
1711 2760 1806 2794 libro
1832 2760 1869 2795 R
1900 2761 1912 2802 ΙΙ
1944 2762 1997 2793 11.
2026 2765 2109 2804 post

410 2808 469 2841 cui
494 2820 583 2844 eras.
610 2811 650 2843 in
676 2810 723 2843 M
746 2808 783 2843 in
809 2811 820 2853 ΙΙ
849 2814 900 2844 12.
929 2810 1060 2844 6οᾶ6111
1090 2810 1193 2844 fonte
1220 2821 1257 2844 se
1284 2810 1382 2853 MR,
1420 2809 1550 2843 eodem
1575 2819 1614 2843 se
1640 2808 1742 2842 fonte
1771 2808 1813 2842 G.
1853 2805 1953 2852 (ex)
1979 2807 2109 2841 eodem

408 2855 432 2888 f.
461 2867 497 2889 se
519 2856 733 2900 Lambinus,
759 2857 890 2890 eodem
915 2856 990 2902 (e)
1016 2857 1039 2891 f.
1068 2868 1106 2890 36
1127 2858 1269 2900 Baiter,
1295 2857 1425 2891 eodem
1452 2856 1554 2902 (de)
1580 2856 1604 2890 f.
1632 2866 1670 2889 se
1691 2855 1801 2889 Klotz
1842 2854 1853 2897 ΙΙ
1896 2852 2106 2901 intelleget]

409 2901 623 2946 intellegest
642 2904 696 2947 M,
724 2903 814 2937 —lexi
836 2905 880 2946 G,
908 2903 1049 2938 -lexisti
1068 2905 1117 2947 R,
1144 2904 1253 2949 -legit
1278 2905 1345 2938 (ιῖίιῗ
1365 2905 1376 2948 ΙΙ
1397 2907 1450 2938 13.
1479 2915 1498 2938 6
1525 2914 1597 2947 quo
1617 2903 1672 2945 M,
1699 2912 1742 2935 ex
1768 2911 1862 2944 equo
1882 2900 1930 2944 R,
1956 2912 2028 2944 quo
2045 2902 2078 2937 G
2098 2907 2108 2931 ’ἰ

411 2952 463 2982 16,
492 2949 608 2983 cuiuis
634 2951 694 2994 M,
727 2950 891 2985 cuiusuis
920 2952 969 2994 G,
1003 2962 1084 2994 6113,
1115 2956 1157 2986 ut
1181 2953 1267 2994 vid„
1299 2952 1335 2986 R
1367 2953 1377 2991 ΙΙ
1410 2950 1546 2985 aetatis
1573 2946 1820 2996 <hominum>
1847 2945 1908 2981 vel
1934 2947 2099 2994 Kayser}

412 2998 465 3029 17.
492 2996 686 3040 prohibere
711 2999 761 3032 M
775 3000 785 3042 ΙΙ
809 3002 860 3032 18.
884 3001 937 3032 19.
965 3009 1077 3041 quam
1104 3010 1220 3032 suum.
1247 2998 1323 3032 iam
1350 2997 1427 3031 dixi
1450 2999 1487 3033 R
1506 3000 1517 3042 ΙΙ
1537 3001 1590 3031 20.
1618 2994 1752 3029 melius
1777 2995 1832 3037 M,
1858 2993 1983 3038 potius
2005 2996 2077 3031 GR
2096 2997 2108 3042 Η

411 3068 464 3098 25.
495 3067 533 3098 ut
557 3078 622 3100 1103
651 3069 740 3105 GR,
773 3068 888 3102 adnos
915 3069 960 3102 M
989 3069 1000 3112 ΙΙ
1032 3072 1086 3102 29.
1115 3073 1168 3103 30.
1196 3070 1343 3103 mutata
1367 3081 1395 3103 r.
1423 3079 1461 3112 ς,
1493 3068 1597 3101 muta
1622 3079 1648 3100 r.
1675 3067 1710 3099 ,Ω
1736 3048 1926 3110 (mantio,
1954 3066 2051 3102 linea
2076 3071 2108 3102 et

411 3122 452 3146 ra
478 3124 498 3145 α
525 3124 569 3146 m.
599 3118 627 3156 1,
657 3115 704 3158 G)
724 3116 735 3159 Η
755 3119 808 3149 32.
836 3114 959 3149 notari
984 3117 1220 3150 reuertamur
1244 3116 1279 3151 R
