2242 3496
350 422 369 450 :0

398 163 453 203 92
998 162 1045 196 M.
1072 160 1211 195 TVLLI
1238 161 1488 196 CICERONJS

396 273 444 311 ut
475 270 528 311 ab
561 270 745 311 Athenis
779 271 822 310 in
855 269 1081 309 Boeotiam
1114 269 1221 309 irem
1254 269 1548 323 reliquamque
1582 270 1921 312 iurisdictionem
1954 271 2092 312 absol-

398 355 555 394 verem,
593 340 682 392 ille,
721 342 767 379 ut
806 339 966 391 aiebat,
1005 353 1135 392 supra
1173 339 1309 379 maias
1342 339 1386 379 in
1418 339 1592 381 Italiam
1627 355 1771 398 versus
1810 341 2091 397 navigaturus

397 413 499 451 erat.
556 413 655 464 post
694 410 804 449 diem
848 409 1023 450 tertium
1062 409 1152 450 eius
1193 408 1294 463 diei,
1339 417 1435 451 cum
1474 410 1527 451 ab
1569 410 1751 452 Athenis
1795 412 2009 466 proficisci
2046 412 2088 453 in

395 482 536 522 animo
564 482 776 533 haberem,
808 480 979 520 circiter
1004 480 1111 520 hora
1138 479 1303 521 decima
1334 480 1475 522 noctis
1502 481 1548 522 P.
1570 481 1834 536 Postumius,
1864 482 2090 524 familiaris

395 553 502 605 eius,
545 552 595 591 ad
633 565 699 591 me
738 550 855 591 venit
888 553 930 591 et
972 551 1078 591 mihi
1115 551 1333 592 nuntiavit
1371 551 1426 592 M.
1460 551 1732 606 Marcellum,
1773 553 1983 609 collegam
2019 568 2091 595 no·
2128 569 2144 593 τ»

395 626 543 675 strum,
571 624 669 675 post
696 636 822 662 cenae
850 624 1019 675 tempus
1048 636 1071 662 a
1097 621 1143 662 P.
1170 621 1317 677 Magio
1346 621 1507 676 Cilone,
1533 623 1745 664 familiare
1776 624 1879 678 eius,
1904 625 2090 680 pugione

392 707 641 747 percussum
674 706 766 733 esse
799 694 842 732 et
875 692 957 733 duo
990 692 1167 733 vulnera
1199 693 1432 748 accepisse,
1473 709 1606 735 unum
1637 693 1682 734 in
1715 695 1957 750 stomacho,
1989 695 2091 736 alte-

393 778 486 803 rum
518 762 562 803 in
595 763 734 816 capite
774 763 1007 804 secundum
1040 779 1204 818 aurem,
1243 779 1415 818 sperare
1453 767 1599 806 tamen
1637 780 1733 806 eum
1772 765 1913 806 vivere
1945 780 2090 820 posse3

392 833 586 888 Magium
620 848 663 874 se
694 833 838 888 ipsum
864 834 1131 876 interfecisse
1158 838 1328 890 postea,
1361 850 1405 876 se
1438 850 1463 876 a
1495 835 1699 877 Marcello
1732 836 1785 877 ad
1817 851 1883 878 me
1910 836 2090 878 missum

392 918 494 957 esse,
527 904 600 958 qui
626 904 731 946 haec
757 905 980 946 nuntiaret
1006 909 1049 946 et
1075 909 1262 962 rogaret,
1294 907 1359 947 uti
1393 906 1580 948 medicos
1608 907 1646 948 ei
1673 907 1902 949 mitterem.
1943 908 2089 963 itaque

391 974 578 1017 medicos
624 976 745 1031 coegi
785 979 828 1017 et
866 992 887 1018 e
926 976 1113 1032 vestigio
1153 993 1202 1019 eo
1241 992 1337 1019 sum
1381 977 1601 1032 profectus
1649 978 1789 1032 prima
1834 979 1937 1020 luce.
1995 993 2090 1020 cum

389 1060 476 1087 11011
507 1046 635 1102 longe
670 1062 694 1088 a
726 1046 879 1088 Piraeo
913 1048 1126 1102 abessem,
1158 1063 1264 1102 puer
1295 1047 1469 1090 Acidini
1501 1049 1674 1090 obviam
1707 1049 1813 1090 mihi
1845 1049 1963 1090 venit
1994 1064 2091 1091 cum

390 1117 618 1172 codicillis,
662 1118 706 1159 111
746 1118 901 1172 quibus
947 1122 1040 1159 erat
1082 1119 1311 1173 scriptum,
1355 1119 1483 1173 paulo
1522 1122 1620 1160 ante
1660 1120 1798 1161 lucem
1838 1119 2090 1162 Marcellum

388 1188 500 1228 diem
540 1203 664 1230 suum
698 1189 851 1230 obisse.
912 1190 975 1231 ita
1007 1190 1072 1231 vir
1105 1190 1368 1231 clarissimus
1408 1191 1461 1231 ab
1500 1190 1675 1232 homine
1714 1190 1945 1232 deterrimo
1978 1206 2091 1233 acer-

389 1259 581 1300 bissuma
626 1263 763 1302 morte
809 1263 874 1301 est
919 1261 1133 1315 adfectus,
1178 1264 1241 1315 et,
1287 1261 1354 1302 cui
1399 1261 1563 1303 inimici
1608 1264 1787 1316 propter
1831 1261 2089 1317 dignitatem

382 1334 676 1386 pepercerant,
704 1332 904 1373 inventus
934 1335 999 1373 est
1026 1333 1201 1385 amicus,
1228 1332 1301 1386 qui
1329 1332 1366 1373 ei
1393 1335 1578 1373 mortem
1600 1332 1784 1375 offerret.
1835 1347 1915 1388 ego
1942 1337 2088 1375 tamen

384 1402 435 1443 ad
480 1402 806 1444 tabernaculum
853 1403 943 1444 eius
987 1402 1176 1458 perrexi:
1229 1403 1373 1445 inveni
1418 1404 1525 1444 duos
1569 1403 1749 1444 libertos
1794 1406 1838 1446 et
1881 1404 2088 1459 pauculos

382 1488 548 1529 serv0s3
583 1474 771 1528 reliquos
805 1474 980 1515 aiebant
1012 1474 1258 1530 profugisse
1291 1477 1411 1516 metu
1442 1475 1710 1529 perterritos,
1744 1475 1858 1529 quod
1890 1475 2088 1517 dominus

383 1559 531 1585 eorum
565 1549 663 1586 ante
696 1545 1025 1587 tabernaculum
1063 1546 1318 1588 interfectus
1358 1548 1482 1588 esset.
1539 1548 1714 1588 coactus
1747 1560 1843 1587 sum
1868 1546 1914 1587 in
1940 1546 2087 1588 eadem

381 1615 456 1656 illa
494 1616 665 1669 lectica,
711 1632 795 1670 qua
834 1617 924 1670 ipse
964 1617 1132 1657 delatus
1172 1632 1307 1671 eram,
1354 1617 1545 1671 meisque
1584 1616 1815 1658 lecticariis
1853 1617 1899 1657 in
1935 1617 2087 1658 urbem

382 1701 479 1727 eum
512 1686 682 1739 referre,
714 1687 861 1741 ibique
893 1701 971 1741 pro
1005 1702 1054 1728 ea
1089 1688 1223 1742 copia,
1257 1703 1363 1742 quae
1390 1688 1576 1728 Athenis
1610 1690 1714 1742 erat,
1745 1688 1874 1729 funus
1908 1688 1947 1729 ei
1979 1688 2085 1730 satis

381 1757 574 1811 amplum
599 1757 844 1799 faciendum
871 1758 1027 1799 curavi.
1075 1759 1127 1799 ab
1149 1758 1503 1812 Atheniensibus,
1529 1758 1671 1800 locum
1698 1759 1944 1813 sepulturae
1970 1759 2086 1800 intra

379 1828 531 1869 urbem
562 1831 611 1869 ut
643 1829 809 1883 darent,
847 1829 1078 1883 impetrare
1111 1845 1198 1871 non
1230 1829 1374 1884 potui,
1416 1829 1528 1883 quod
1567 1829 1776 1884 religione
1810 1844 1853 1871 se
1885 1830 2085 1885 impediri

383 1898 590 1952 dicerent,
622 1914 760 1953 neque
793 1902 939 1941 tamen
972 1900 1013 1940 id
1047 1903 1174 1941 antea
1207 1900 1407 1954 cuiquam
1440 1903 1760 1942 concesserant:
1800 1901 1914 1955 quod
1945 1901 2085 1956 proxi-

382 1984 499 2010 mum
532 1969 632 2023 fuit,
673 1970 738 2011 uti
771 1970 816 2011 in
848 1985 931 2025 quo
972 1971 1178 2012 vellemus
1218 1971 1445 2026 gymnasio
1484 1986 1581 2012 eum
1623 1971 1921 2026 sepeliremus,
1957 1971 2083 2013 nobis

380 2040 679 2094 permiserunt.
730 2056 808 2082 nos
835 2041 881 2082 in
906 2041 1181 2083 nobilissimo
1211 2042 1305 2083 orbi
1332 2044 1547 2083 terrarum
1574 2042 1800 2097 gymnasio
1827 2042 2084 2084 Academiae

380 2112 522 2153 locum
555 2112 791 2167 delegimus
825 2113 970 2167 ibique
1003 2128 1101 2154 eum
1134 2113 1435 2155 conbussimus
1468 2116 1705 2168 posteaque
1738 2114 1999 2168 curavimus,
2036 2116 2084 2155 ut

380 2182 516 2223 eidem
551 2176 836 2226 Athenienses
869 2184 915 2225 in
948 2185 1097 2225 eodem
1130 2185 1224 2226 loco
1269 2187 1595 2226 monumentum
1628 2185 1667 2226 ei
1705 2199 1994 2226 marmoreum
2026 2185 2084 2226 fa-

497 2362 527 2392 ·3.
555 2357 618 2392 ille
653 2359 711 2402 M,
745 2358 825 2403 ipse
857 2359 921 2394 1116
952 2360 1022 2394 GR
1053 2362 1065 2403 11
1098 2361 1138 2394 ut
1171 2359 1298 2394 aiebat
1326 2361 1414 2404 GR,
1447 2359 1595 2394 utiebat
1620 2360 1668 2393 M
1694 2361 1706 2403 ΙΙ
1737 2370 1849 2404 supra
1879 2359 2000 2394 maias
2027 2360 2081 2404 M,

379 2417 490 2450 supra
515 2405 589 2440 kal.
617 2405 737 2440 maias
767 2407 853 2449 GR,
888 2417 1000 2451 supra
1026 2408 1152 2452 (super
1180 2407 1404 2453 IVeseubery)
1430 2407 1594 2441 Maleam
1618 2408 1673 2442 vel
1698 2406 1840 2441 Maleas
1866 2408 1920 2442 vel
1944 2406 2082 2442 Malias

379 2455 444 2489 (ita
478 2454 687 2487 dubitanter
712 2454 813 2488 Riihl
849 2454 1040 2499 ι’Κίῂιίῃεῖλ
1073 2456 1165 2490 wiss.
1194 2455 1406 2490 Illonatsbl.⁷
1434 2454 1495 2489 VI.
1524 2458 1626 2489 1878.
1648 2466 1686 2498 1).
1709 2455 1769 2498 27)
1795 2455 1881 2498 alii,
1914 2454 1982 2489 sub
2007 2453 2081 2489 Ka-

378 2499 507 2534 lendas
534 2500 728 2543 St=1·eiche›·,
768 2502 870 2535 valde
902 2503 1189 2545 improbabiliter
1226 2503 1236 2545 ΙΙ
1273 2501 1313 2536 111
1339 2501 1485 2536 italiam
1513 2502 1610 2545 MG,
1643 2501 1791 2536 italiam
1816 2502 1853 2537 R
1890 2502 1902 2545 ΙΙ
1939 2505 1970 2537 3.
1995 2502 2082 2546 post

379 2546 478 2581 diem
503 2547 656 2581 tertium
682 2548 882 2591 Victorius,
914 2548 1134 2593 postridiem
1161 2548 1314 2583 tertium
1340 2550 1437 2593 MR,
1473 2551 1559 2594 post
1583 2548 1740 2583 tercium
1767 2548 1865 2583 diem
1894 2549 1927 2584 G
1959 2551 1971 2593 ΙΙ
2002 2548 2081 2583 eius

379 2594 439 2628 dei
464 2595 513 2628 M
532 2596 542 2637 ΙΙ
571 2599 603 2630 4.
631 2595 760 2629 horam
787 2595 1031 2631 decimanrR
1056 2599 1068 2640 Η
1092 2596 1131 2631 Ρ.
1159 2596 1214 2640 M,
1243 2608 1308 2632 om.
1338 2597 1409 2632 GR
1440 2599 1451 2640 ΙΙ
1483 2600 1514 2632 5.
1542 2596 1590 2631 M.
1618 2608 1684 2631 om.
1711 2597 1747 2631 R
1767 2598 1777 2638 ΙΙ
1796 2595 2015 2630 marcellum
2040 2597 2081 2630 in

381 2653 445 2686 my.
474 2641 526 2675 R¹
552 2643 563 2685 ΙΙ
589 2646 619 2676 6.
648 2653 670 2675 a
695 2642 734 2677 P.
756 2642 882 2687 Magio
910 2642 1054 2689 Cilone]
1083 2644 1182 2688 apud
1209 2643 1333 2688 magio
1362 2646 1418 2688 (ea¹
1443 2643 1583 2689 maigio
1610 2655 1654 2678 m.
1677 2645 1712 2688 1)
1739 2643 1858 2678 cilone
1885 2644 1946 2687 M,
1979 2642 2080 2691 apud

378 2688 539 2722 macimn
561 2692 565 2732 Ι
587 2689 716 2723 urbem
755 2691 833 2733 (hoc
868 2703 895 2725 v.
928 2702 1007 2735 emp.
1040 2703 1085 2726 m.
1114 2694 1148 2729 1)
1188 2691 1346 2726 cilonem
1381 2692 1431 2735 G,
1471 2691 1572 2736 apud
1608 2701 1787 2735 magnum
1824 2689 1983 2725 cilonem
2013 2690 2050 2724 R
2068 2703 2079 2734 1

378 2735 564 2770 familiare
591 2737 651 2780 M,
685 2748 765 2771 -em
794 2738 880 2781 GR,
915 2737 949 2771 —i
975 2749 1005 2774 ς.
1047 2739 1092 2781 cf.
1122 2739 1266 2774 Charis.
1288 2751 1327 2783 p.
1351 2742 1417 2772 130
1438 2739 1485 2774 K.
1507 2741 1518 2782 ΙΙ
1548 2742 1578 2773 8.
1607 2748 1734 2772 aurem
1758 2749 1802 2773 ea:
1828 2748 1958 2772 aurum
1984 2736 2050 2770 Mc
2069 2742 2079 2782 11

380 2783 519 2825 sperari
547 2785 674 2818 Baiter
705 2786 715 2827 ΙΙ
748 2789 778 2819 9.
806 2796 984 2828 magnum
1013 2786 1046 2820 G
1064 2789 1075 2828 ΙΙ
1100 2797 1158 2820 me
1185 2797 1250 2821 om.
1277 2786 1330 2821 R]
1363 2789 1373 2831 ΙΙ
1409 2790 1461 2820 10.
1490 2785 1524 2820 61
1549 2784 1737 2820 mitterem
1762 2784 1889 2828 itaque
1913 2782 2078 2818 medicos

379 2841 443 2863 om.
472 2830 518 2862 M
533 2833 543 2874 11
565 2834 618 2865 12.
645 2830 772 2875 piraeo
800 2832 859 2875 M,
893 2831 996 2876 pireo
1026 2834 1113 2877 GR,
1145 2832 1294 2877 piraeeo
1328 2844 1348 2870 ς
1367 2836 1379 2875 ΙΙ
1400 2837 1454 2868 13.
1486 2832 1614 2877 paullo
1642 2844 1662 2869 ς
1682 2834 1693 2877 ΙΙ
1714 2835 1767 2867 14.
1796 2835 1850 2866 15.
1878 2829 2077 2865 deterrimo

381 2876 632 2911 acerbissuma
658 2878 707 2911 M
710 2883 739 2922 1‘,
775 2879 1031 2913 deterromodo
1058 2880 1178 2914 cerbis
1205 2892 1311 2914 suma
1338 2881 1397 2923 M,
1431 2879 1628 2915 deterrimo
1654 2880 1732 2924 (tet.
1764 2879 1810 2923 G)
1837 2877 2078 2912 acerbissima

384 2922 454 2956 GR
474 2926 484 2964 11
505 2927 558 2959 16.
585 2928 829 2969 pepercerunt
858 2926 928 2960 GR
948 2930 958 2969 ΙΙ
979 2926 1127 2961 offerret
1152 2939 1195 2962 eas
1221 2927 1281 2962 aff.
1308 2927 1362 2963 Rl
1386 2929 1398 2971 11
1426 2932 1478 2963 17.
1505 2937 1644 2972 paucos
1670 2926 1706 2960 R
1731 2927 1742 2968 fl
1769 2928 1822 2960 18.
1851 2924 2004 2960 aiebant
2029 2925 2076 2969 R,

381 2969 544 3012 agebant
570 2972 650 3006 MG
668 2974 679 3015 ΙΙ
700 2976 754 3007 20.
782 2972 922 3007 dilatus
949 2973 998 3006 M
1014 2975 1024 3017 Η
1043 2973 1134 3008 meis
1165 2976 1198 3009 G
1216 2976 1227 3018 ΙΙ
1248 2979 1302 3010 21,
1331 2975 1442 3020 quae]
1471 2985 1543 3019 quo
1570 2973 1662 3016 MG,
1689 2972 1788 3016 quod
1814 2972 1849 3006 R
1869 2974 1880 3015 ΙΙ
1900 2975 1955 3006 25.
1983 2971 2075 3016 gim-

380 3015 485 3049 nasio
516 3017 585 3052 GR
611 3019 715 3063 (Mr),
742 3019 889 3063 ginasio
918 3021 963 3053 M
988 3022 999 3064 ΙΙ
1028 3024 1081 3054 26.
1110 3021 1190 3055 orbi
1216 3022 1277 3065 M,
1306 3021 1405 3056 orbis
1429 3022 1510 3056 GR.
1549 3021 1594 3063 cf.
1622 3019 1784 3054 Schmalz
1804 3031 1844 3063 p.
1865 3018 2075 3064 118113110-

380 3062 485 3096 nasio
513 3065 546 3096 Ω
577 3067 588 3107 Η
620 3069 674 3100 27.
700 3068 904 3110 posteaque
940 3077 1136 3101 curaumus
1164 3070 1243 3112 (sic)
1271 3070 1309 3102 in
1335 3080 1406 3103 ras.
1436 3069 1500 3102 JJc
1531 3067 1750 3111 (posteaque
1777 3065 1988 3100 curauimus
2014 3066 2073 3111 P),

380 3110 510 3153 postea
537 3121 681 3155 quoque
709 3113 919 3147 cui-animus
950 3114 1021 3149 GR
1041 3116 1051 3157 [Ι
1071 3118 1125 3149 28.
1154 3114 1275 3150 eidem
1302 3116 1396 3159 MR,
1421 3115 1522 3149 idem
1550 3114 1583 3148 G

2111 922 2144 947 10

2111 1277 2143 1301 15

2106 1631 2140 1656 20

2104 1986 2137 2012 25
