2242 3496
414 163 498 204 104
1016 158 1064 192 Μ.
1091 157 1231 191 TVLLI
1259 155 1509 191 CICERONIS

412 272 510 312 dere
556 285 685 324 quam
727 268 812 309 tuis
853 265 1025 307 litteris.
1089 264 1264 305 omnino
1308 279 1376 306 res
1421 267 1515 306 tota
1554 264 1598 305 in
1636 279 1827 307 mensem
1863 265 2112 307 Ianuarium

366 354 385 382 2
413 342 572 382 reiecta
604 342 713 392 erat,
752 338 824 378 sed
864 335 987 377 facile
1028 334 1317 377 obtinebatur.
1375 349 1455 390 ego
1495 337 1571 376 tua
1602 336 1896 391 gratulatione
1929 351 2113 379 commo-

412 415 480 453 tus
489 446 500 466 ⁷
539 410 651 464 quod
685 409 736 449 ad
768 422 835 448 me
869 406 1035 460 pridem
1067 406 1302 460 scripseras
1335 406 1444 447 velle
1476 409 1519 447 te
1552 407 1659 447 bene
1692 407 1879 462 evenire,
1917 407 2030 462 quod
2062 408 2112 449 de

412 482 567 523 Crasso
601 480 775 519 domum
807 475 1026 531 emissem,
1068 476 1151 518 emi
1185 491 1279 517 eam
1311 476 1451 531 ipsam
1484 477 1659 518 domum
1685 471 1862 534 {CXXXV}
1889 478 2112 533 aliquanto

409 555 510 606 post
537 553 654 591 tuam
683 547 1039 603 gratulationem3
1071 547 1218 602 itaque
1247 562 1360 589 nunc
1387 562 1455 588 me
1482 546 1591 598 scito
1619 551 1790 590 tantum
1815 549 1974 590 habere
2001 549 2112 590 aeris
2150 563 2166 587 5

411 621 557 675 alieni,
598 622 644 660 ut
676 619 846 673 cupiam
879 619 1120 672 coniurare,
1153 618 1189 659 si
1223 618 1451 674 quisquam
1484 618 1685 675 recipiat,
1717 620 1790 661 sed
1822 621 1984 674 partim
2016 619 2114 661 odio

410 690 575 733 inducti
620 704 686 730 me
737 689 970 730 excludunt
1014 692 1057 730 et
1101 691 1248 744 aperte
1293 689 1507 731 vindicem
1557 691 1869 732 coniurationis
1921 690 2115 741 oderunt,

410 762 567 818 partin]
600 775 688 802 non
721 760 899 801 credunt
931 762 974 801 et
1007 775 1031 801 a
1063 775 1130 802 me
1163 760 1343 801 insidias
1381 763 1581 802 metuunt
1617 776 1696 803 nec
1733 764 1890 815 putant
1922 761 1961 802 ei
1991 775 2116 802 num-

411 849 502 875 mos
542 833 664 873 desse
701 846 847 886 posse,
892 831 966 886 qui
1005 846 1056 873 ex
1098 832 1321 874 obsidione
1366 832 1632 874 feneratores
1679 832 1896 874 exemerit.
1953 832 2116 887 †omni

411 903 664 955 semissibus
698 917 856 958 magna
889 902 1014 958 copia
1045 905 1121 957 est,
1157 916 1237 957 ego
1271 906 1415 944 autem
1447 904 1555 945 meis
1588 904 1716 945 rebus
1751 903 1886 959 gestis
1911 903 1994 945 hoc
2020 917 2116 944 sum

367 988 376 997 ‘
413 976 660 1028 adsecutus,
698 976 747 1014 ut
785 973 947 1015 bonum
983 987 1140 1014 nomen
1178 973 1408 1015 existimer.
1466 974 1640 1016 domum
1681 977 1813 1017 tuam‘
1839 977 1968 1029 atque
2008 974 2117 1015 aedi-

412 1046 656 1087 ficationem
697 1059 868 1086 omnem
907 1044 1105 1099 perspexi
1145 1047 1188 1086 et
1226 1048 1446 1086 vementer
1482 1046 1674 1099 probavi.
1733 1046 1991 1099 Antonium,
2035 1045 2118 1086 etsi

413 1118 503 1159 eius
542 1117 586 1158 in
625 1131 691 1157 me
731 1115 874 1158 officia
914 1130 1062 1157 omnes
1101 1116 1365 1171 desiderant⁷
1407 1119 1553 1158 tamen
1591 1117 1635 1157 in
1672 1119 1825 1158 senatu
1864 1115 2118 1171 gravissime

414 1203 462 1230 ac
495 1186 828 1241 diligentissime
861 1186 1030 1228 defendi
1063 1189 1345 1240 senatumque
1381 1190 1602 1229 vementer
1635 1187 1828 1229 oratione
1862 1201 1957 1228 mea
1988 1189 2118 1240 atque

415 1258 675 1301 auctoritate
709 1257 935 1299 commovi.
992 1260 1040 1298 tu
1073 1258 1126 1299 ad
1158 1272 1226 1298 me
1260 1257 1389 1299 velim
1422 1258 1593 1300 litteras
1627 1258 1819 1300 crebrius
1852 1257 2013 1299 mittas.

1156 1423 1254 1465 vn.
1303 1422 1383 1480 (4.)

414 1532 468 1573 M.
491 1530 745 1573 TVLLIVS
773 1530 829 1572 M.
850 1530 898 1572 F.
925 1530 1138 1572 CICERO
1169 1529 1210 1572 S.
1235 1529 1285 1571 D.
1316 1530 1404 1572 CN.
1430 1530 1693 1572 POMPEIO
1722 1530 1810 1573 CN.
1839 1531 1884 1573 F.
1912 1530 2122 1573 MAGNO

1079 1601 1456 1643 IMPERATORI.

537 1697 577 1740 S.
605 1701 633 1739 t.
661 1712 693 1738 e.
724 1712 761 1751 q.
787 1712 826 1738 v.
852 1697 891 1738 b.
919 1712 952 1738 e.
1009 1712 1060 1737 ex
1096 1696 1255 1738 litteris
1295 1696 1401 1751 tuis,
1445 1712 1551 1751 quas
1593 1696 1764 1752 publice
1805 1697 1983 1753 misisti,
2029 1699 2122 1752 cepi

418 1785 502 1812 una
534 1784 631 1811 cum
664 1768 863 1810 omnibus
897 1768 1194 1810 incredibilem
1226 1767 1513 1822 voluptatem3
1547 1771 1715 1809 tantam
1748 1769 1861 1810 enim
1896 1784 2017 1824 spem
2044 1769 2121 1811 otii

419 1840 663 1895 ostendisti,
696 1854 825 1894 quam
859 1853 939 1895 ego
973 1854 1142 1894 semper
1169 1839 1369 1880 omnibus
1402 1842 1444 1880 te
1477 1854 1562 1881 uno
1595 1839 1732 1881 fretus
1762 1839 2017 1894 pollicebar3
2050 1840 2123 1881 sed

418 1912 500 1953 hoc
539 1911 668 1966 scito,
713 1914 813 1952 tuos
852 1913 1017 1952 veteres
1056 1910 1215 1964 hostis,
1260 1924 1394 1951 novos
1435 1910 1597 1952 amicos
1642 1911 1918 1952 vehementer
1963 1911 2123 1952 litteris

372 1998 391 2024 ι
419 1982 639 2037 perculsos
686 1986 815 2036 atque
855 1982 907 2023 ex*
943 1995 1103 2037 magna
1148 1995 1222 2036 spe
1268 1981 1521 2023 deturbatos
1566 1981 1718 2024 iacere.
1780 1982 1833 2024 ad
1871 1997 1939 2023 me
1981 1984 2125 2023 autem

419 2054 588 2095 litteras
623 2068 728 2107 quas
761 2053 934 2107 misisti,
967 2067 1229 2107 quamquam
1263 2052 1463 2108 exiguam
1496 2052 1859 2108 significationem
1890 2055 1990 2094 tuae
2023 2067 2125 2108 erga

420 2140 486 2166 me
526 2125 762 2166 voluntatis
801 2124 1039 2179 habebant,
1082 2127 1227 2165 tamen
1266 2124 1374 2165 mihi
1419 2123 1528 2165 scito
1567 2123 1774 2166 ineundas
1812 2124 1964 2178 fuisse3
2008 2124 2126 2166 nulla

422 2196 534 2237 enim
573 2211 618 2237 re
657 2198 747 2237 tam
786 2195 941 2236 laetari
986 2195 1103 2237 soleo
1150 2210 1279 2249 quam
1323 2209 1518 2236 meorum
1564 2194 1807 2237 officiorum
1851 2195 2126 2248 conscientia,

423 2267 577 2322 quibus
618 2266 654 2308 si
696 2267 864 2321 quando
908 2282 995 2308 non
1039 2269 1186 2308 mutue
1231 2266 1536 2322 respondetur,
1582 2267 1695 2321 apud
1739 2281 1806 2308 me
1849 2266 1947 2321 plus
1993 2266 2126 2308 officii

422 2338 607 2379 residere
640 2337 845 2380 facillime
877 2338 1038 2392 patior:
1071 2338 1178 2379 illud
1209 2353 1297 2379 non
1329 2337 1498 2392 dubito,
1532 2338 1652 2393 quin,
1686 2337 1723 2379 si
1754 2340 1797 2379 te
1830 2352 1925 2379 mea
1957 2352 2126 2380 summa

541 2501 572 2531 2.
600 2495 831 2531 obtinebitur
851 2496 1028 2541 Plzquers
1048 2496 1235 2539 (Mnemos.
1258 2496 1317 2531 ΧΙ.
1341 2499 1442 2532 1862.
1464 2508 1503 2541 1).
1524 2497 1618 2540 290),
1646 2497 1838 2531 iimtz'liter.
1864 2497 1910 2540 ef.
1932 2496 1989 2531 W.
2005 2492 2126 2531 Stern-

423 2545 514 2588 lcopf
536 2544 623 2579 ‘Cia
653 2544 811 2588 Corresp.
840 2544 998 2577 GS—GO'
1023 2556 1082 2588 pr.
1111 2544 1310 2587 Elberfeld.
1338 2547 1429 2578 1889
1451 2556 1488 2588 p.
1513 2545 1637 2588 14113.
1664 2543 1758 2578 bene
1784 2555 1851 2578 om.
1879 2544 1912 2578 G
1931 2544 1942 2588 Η
1962 2542 2125 2589 evenire]

424 2591 548 2626 uenire
563 2593 596 2625 Ω,
615 2592 626 2636 Η
646 2595 677 2625 4.
694 2595 778 2635 post
791 2592 852 2626 alt.
869 2591 1019 2625 domum
1040 2594 1133 2625 3-4
1153 2592 1221 2626 litt.
1242 2595 1333 2636 spat.
1357 2592 1395 2625 in.
1414 2592 1485 2634 fine
1506 2603 1551 2626 vs.
1567 2591 1621 2626 M.
1642 2590 1712 2626 Hs.
1733 2591 1924 2636 supplebat
1937 2591 2125 2637 Martyni-

425 2646 583 2690 Laynna
608 2646 619 2689 Η
644 2639 790 2678 Χῇῗ
815 2646 946 2689 scripsi
971 2645 1031 2688 (ef.
1059 2645 1283 2689 Marquardt
1317 2644 1441 2679 ‘'J-omn.
1470 2644 1713 2679 ›S‘taatscerm'
1743 2644 1793 2677 11²
1814 2655 1853 2688 Ρ.
1873 2647 1937 2687 40,
1969 2643 2127 2677 Hultsch

428 2692 576 2735 ‘slrz'eclz.
598 2704 622 2726 u
654 2703 757 2726 roem.
779 2692 939 2726 DIetroL'
955 2693 966 2711 ²
988 2704 1025 2736 p.
1048 2693 1141 2736 296),
1177 2691 1311 2725 XXXV
1338 2694 1381 2735 Ω,
1410 2691 1580 2726 sestertio
1606 2690 1732 2725 tricies
1759 2690 1955 2734 quinquies
1989 2690 2125 2724 Wesen-

426 2740 506 2784 berg]
531 2741 541 2781 11
568 2738 770 2782 aliquando
800 2739 832 2773 G
863 2740 874 2782 Η
906 2742 937 2773 5
964 2741 1050 2783 post
1074 2740 1179 2773 tuam
1208 2739 1296 2782 GR,
1321 2740 1496 2783 postuam
1520 2740 1595 2783 ΜΗ
1615 2738 1708 2773 scito
1734 2749 1792 2772 me
1820 2738 1854 2774 G
1878 2739 1890 2782 Η
1919 2740 1950 2772 7.
1977 2737 2015 2770 et
2042 2736 2124 2780 GR,

427 2797 471 2819 ea
496 2786 545 2819 M
576 2788 587 2830 Η
625 2790 656 2820 8.
688 2785 826 2830 partim
859 2785 1006 2833 <mihi>
1039 2797 1113 2820 non
1145 2786 1357 2831 Wesenbergy
1387 2788 1398 2830 Η
1430 2798 1452 2820 a
1483 2797 1541 2821 me
1577 2798 1641 2820 om.
1676 2786 1712 2821 R
1748 2787 1760 2829 Η
1797 2788 1827 2820 9.
1861 2784 1988 2818 deesse
2024 2783 2095 2819 GR
2125 2824 2127 2826 ,

428 2832 527 2866 omni
553 2833 611 2876 M,
640 2832 757 2867 omnis
786 2833 877 2875 GR,
905 2833 1053 2868 omnino
1081 2845 1119 2877 ς,
1150 2833 1259 2867 bonis
1284 2835 1322 2878 (ί.
1344 2846 1369 2869 e.
1398 2834 1634 2878 locupletibus
1663 2833 1883 2875 hominibus)
1909 2832 1940 2864 Ι.
1963 2830 2011 2865 F.
2034 2830 2125 2866 Gro-

431 2881 555 2914 ›zm-ms
586 2881 768 2924 &obsera-‚⁷
799 2880 849 2914 IV
874 2892 951 2924 cap.
975 2882 1018 2924 9).
1059 2893 1108 2915 (ιη
1134 2880 1319 2923 sumendi,
1353 2882 1447 2926 qnod
1477 2891 1687 2925 suspensum
1711 2881 1760 2914 sit
1784 2890 1808 2914 a
1833 2877 1963 2922 copia?
1996 2879 2046 2912 ad
2071 2888 2126 2912 se-

429 2926 603 2960 missibus
631 2938 773 2961 sumere
799 2928 842 2970 cf.
875 2928 998 2962 Plaut.
1025 2928 1130 2963 Asin.
1158 2931 1243 2963 248:
1275 2929 1436 2962 ‘sumam
1460 2928 1615 2970 fenore’‚
1640 2925 1837 2971 pecuniam
1863 2926 1983 2960 omisit
2004 2925 2126 2960 Cicero

430 2974 533 3006 etiam
557 2986 595 3017 p.
626 2975 752 3009 Flacc.
779 2977 840 3009 46:
880 2974 1060 3018 ‘sumpsit
1086 2986 1107 3009 a
1133 2974 1268 3009 Fufiis'
1308 2977 1319 3020 Η
1358 2979 1411 3010 10.
1440 2973 1654 3009 semissibus
1686 2984 1751 3008 om.
1781 2972 1814 3007 G
1844 2973 1856 3016 Η
1887 2973 1944 3006 est
1968 2983 2034 3007 om.
2061 2972 2127 3018 ΒΗ

433 3023 485 3053 12.
513 3021 550 3053 et
576 3025 629 3055 14.
656 3022 895 3055 uehementer
923 3022 993 3056 GR
1019 3023 1030 3064 Η
1057 3025 1110 3056 17.
1138 3034 1197 3066 gn.
1224 3022 1396 3067 pompeio
1421 3034 1481 3067 gn.
1508 3021 1600 3064 MR,
1626 3030 1721 3064 gneo
1746 3018 1919 3064 pompeio
1946 3029 2034 3053 cneo
2064 3019 2098 3054 G
2116 3019 2127 3066 Η

434 3070 485 3099 19.
514 3077 557 3100 ex
576 3067 648 3102 litt.
671 3068 712 3113 ἡ]
740 3070 784 3111 cf.
808 3068 1006 3112 Sternliopf
1027 3080 1112 3103 mus.
1141 3070 1255 3103 h'hen.
1277 3073 1331 3104 47.
1354 3072 1456 3104 1892.
1478 3080 1515 3113 p.
1538 3071 1606 3101 470
1619 3078 1668 3112 sq.
1689 3068 1700 3110 Η
1719 3070 1775 3100 21.
1802 3077 1914 3110 quam
1939 3068 1984 3110 Ω,
2010 3077 2126 3110 quan—

431 3115 508 3146 tam
529 3124 560 3157 ς,
582 3115 664 3148 bene
685 3117 742 3156 (cf.
758 3116 946 3150 Mentzner
966 3127 1050 3149 ann.
1068 3117 1159 3159 phil.
1180 3128 1212 3150 α.
1230 3120 1321 3149 1864
1336 3117 1466 3160 [3156)
1485 3117 1496 3159 Η
1517 3118 1570 3149 22.
1585 3114 1722 3150 ueteris
1736 3115 1770 3147 Ω,
1789 3115 1800 3158 Η
1819 3117 1873 3148 23.
1888 3114 2126 3158 percussosR

2138 917 2170 941 10

2142 1784 2177 1809 20

2145 2139 2179 2164 25
