2242 3496
153 971 185 994 10

700 208 1037 243 izvlsivmuvn
1064 207 1128 242 xv
1155 213 1210 243 ει.
1262 207 1343 241 xv1
1373 212 1401 243 1.
1811 208 1897 248 425

202 317 386 372 litterae,
411 316 477 358 vis
510 332 595 359 non
622 319 733 359 erat:
766 317 818 358 ad
845 331 938 358 eam
966 317 1100 372 igitur
1126 316 1405 370 adhortabar3
1430 316 1475 357 in
1501 315 1725 357 excitando
1753 320 1897 357 autem

203 391 247 429 et
288 388 332 429 in
376 389 565 429 acuendo
611 387 842 442 plurimum
888 388 1018 441 valet,
1063 388 1097 429 si
1143 387 1289 428 laudes
1335 402 1450 442 eum,
1494 400 1621 441 quem
1662 387 1898 427 cohortere.

202 457 335 500 habes
368 458 418 499 de
452 457 583 500 Calvo
618 458 821 500 iudicium
854 462 896 499 et
928 459 1155 500 consilium
1188 473 1347 499 meum:
1384 457 1622 511 consilium,
1656 458 1767 511 quod
1801 457 1897 498 hor-

204 529 321 570 tandi
350 543 478 570 causa
505 530 692 583 laudavi3
725 529 942 584 iudicium,
975 530 1085 584 quod
1114 530 1163 571 de
1190 528 1362 583 iugenio
1390 529 1480 571 eius
1507 527 1628 570 valde
1655 527 1896 569 existimavi

204 600 321 642 benc.
385 601 597 655 reliquum
632 604 716 655 est,
755 603 873 641 tuam
905 600 1216 654 profectionem
1251 615 1393 641 amore
1426 613 1678 654 prosequar,
1714 598 1898 640 reditum
1926 610 1945 639 5

203 685 276 725 spe
310 675 572 726 exspectem,
605 671 827 712 absentem
861 671 1067 712 memoria
1101 671 1257 725 colam,
1293 686 1417 712 omne
1451 670 1708 712 desiderium
1739 669 1898 710 litteris

204 741 425 783 mittendis
470 742 810 796 accipiendisque
856 741 1024 783 leniam.
1087 745 1134 783 tu
1180 741 1307 782 velim
1353 745 1427 783 tua
1471 741 1515 782 in
1560 755 1625 782 me
1671 740 1814 782 studia
1857 743 1900 781 ct

204 811 347 854 officia
386 813 569 854 multum
610 816 751 854 tecum
790 813 1032 866 recordere,
1070 826 1177 866 quae
1214 827 1310 853 cum
1343 811 1425 852 tibi
1457 811 1604 866 liceat,
1641 811 1746 852 mihi
1779 811 1900 853 nefas

205 882 263 924 sit
296 882 506 937 oblivisci,
537 898 622 925 non
655 883 782 924 modo
815 883 955 924 virum
987 883 1149 924 bonum
1182 898 1249 923 me
1281 882 1564 938 existimabis,
1595 898 1742 925 verum
1769 883 1901 924 ctiam

205 957 248 996 te
280 969 305 996 a
338 969 404 995 me
437 955 572 995 amari
606 954 840 1009 plurimum
872 953 1095 995 iudicabis.
1160 954 1262 995 vale.

978 1224 1131 1278 XVI.

947 1356 981 1398 1.
1025 1354 1162 1413 (145.)

295 1463 548 1506 TVLLIVS
581 1463 788 1506 TIRONI
823 1462 934 1506 SVO
970 1464 1009 1506 S.
1042 1463 1087 1505 P.
1121 1463 1170 1505 D.
1204 1463 1277 1505 ΕΤ
1310 1461 1522 1505 CICERO
1557 1462 1715 1504 MEVS
1749 1462 1822 1503 ET

710 1534 944 1577 FRATER
975 1535 1050 1576 ET
1082 1533 1332 1577 FRATRIS
1365 1533 1410 1576 F.

326 1642 461 1685 Paulo
493 1643 663 1684 facilius
696 1642 843 1697 putavi
875 1656 1002 1696 posse
1034 1656 1101 1683 me
1133 1641 1245 1683 ferre
1278 1640 1535 1683 desiderium
1568 1640 1645 1696 tui,
1678 1641 1751 1682 sed
1783 1640 1908 1695 plane
1937 1652 1951 1682 1

172 1728 295 1758 511011
325 1713 417 1756 fero
451 1717 505 1768 et,
542 1728 803 1768 quamquam
835 1714 981 1769 magni
1014 1713 1066 1754 ad
1097 1712 1306 1755 honorem
1338 1714 1535 1753 nostrum
1568 1711 1748 1753 interest
1780 1726 1908 1766 quam

327 1846 357 1877 1.
385 1853 467 1877 eam
494 1843 587 1886 MD,
615 1854 699 1877 eum
725 1841 810 1876 FH
825 1843 836 1886 11
856 1841 1058 1876 adortabar
1084 1841 1208 1885 111112.
1235 1840 1368 1874 laudas
1395 1840 1433 1875 D
1452 1841 1463 1885 11
1483 1839 1674 1874 cohortere
1699 1840 1754 1884 M,
1782 1840 1907 1874 cohor-

207 1891 287 1924 tare
316 1889 405 1934 FH,
432 1889 626 1925 cohortaro
651 1890 690 1924 D
709 1890 720 1934 11
741 1892 771 1924 5.
799 1890 856 1923 est
882 1888 979 1935 <ut>
1007 1900 1038 1926 ς.
1067 1890 1112 1932 cf.
1140 1889 1302 1924 Schmalz
1328 1888 1368 1923 Z.
1389 1888 1416 1931 f.
1436 1888 1471 1922 d.
1494 1887 1754 1933 Gymnasiabw.
1774 1886 1909 1921 XXXV

207 1950 241 1981 p.
263 1940 329 1970 133
362 1938 373 1981 11
405 1948 529 1972 amare
555 1938 604 1971 M
629 1938 640 1981 11
672 1941 704 1971 6.
737 1936 945 1982 absentem]
980 1941 1045 1971 aut
1077 1935 1288 1971 absentiam
1313 1947 1394 1970 cam
1419 1935 1599 1969 Lambi‘no
1626 1939 1691 1970 aut
1717 1934 1911 1969 absentem

209 1983 302 2030 (te)
333 1985 448 2019 voluit
474 1985 569 2019 Boot
594 1985 704 2024 θοὰς.
731 1985 826 2019 crit?
851 1996 888 2028 p.
911 1985 986 2027 26),
1018 1984 1201 2018 inutiliter
1219 1984 1230 2028 11
1252 1986 1280 2017 7.
1309 1981 1423 2017 uelim
1448 1981 1488 2016 in
1512 1992 1572 2016 me
1596 1984 1662 2016 tua
1689 1981 1815 2016 studia
1841 1982 1885 2016 H
1900 1985 1911 2026 11

207 2035 238 2065 8.
271 2031 466 2066 recordare
500 2032 619 2066 FHD
650 2033 662 2075 11
694 2035 748 2067 10.
781 2030 877 2066 uaIe.
928 2031 976 2065 M.
1010 2030 1153 2065 TVLLI
1188 2029 1440 2065 CICERONIS
1472 2028 1814 2063 EPISTVLARVM
1844 2028 1909 2063 AD

208 2078 440 2113 SENATVM
465 2079 526 2113 ET
553 2077 767 2113 CETEROS
790 2078 924 2113 EXPL.
946 2077 1038 2114 INC.
1058 2078 1124 2112 AD
1145 2077 1294 2112 TIRON
1314 2075 1565 2111 FELICITER
1585 2077 1673 2110 ΜΗ
1690 2078 1701 2121 11
1722 2080 1775 2112 11.
1796 2077 1910 2111 Libro

205 2131 305 2161 sacto
336 2126 470 2161 decimo
501 2127 543 2161 in
568 2127 616 2160 Μ
621 2127 655 2159 H
675 2147 715 2151 κ-
738 2126 777 2160 D
801 2130 897 2160 caret
919 2146 959 2150 ——
980 2127 1039 2161 hic
1068 2126 1290 2169 praemissas
1320 2128 1370 2159 est
1404 2125 1513 2158 mdeoe
1546 2124 1708 2167 (leviores
1734 2124 1911 2168 quaedam

207 2173 252 2208 H
280 2174 546 2218 discrepantiae
583 2175 732 2208 omissae
769 2174 883 2217 suom:
922 2173 988 2207 AD
1027 2172 1244 2206 TVLLIVM
1282 2170 1514 2205 TIRONEM.
1549 2174 1580 2206 5.
1614 2170 1816 2205 TVLLIVS
1848 2169 1910 2204 ET

208 2219 378 2255 CICERO
412 2220 474 2255 ET
507 2219 547 2262 Q.
576 2220 616 2262 Q.
643 2220 810 2265 TIRONI
833 2222 836 2263 1
859 2220 981 2265 VIDE
1005 2218 1205 2262 QVANTA
1231 2219 1304 2254 SIT
1329 2220 1340 2261 11
1367 2222 1396 2252 7.
1424 2217 1625 2252 TVLLIVS
1651 2217 1712 2252 ET
1739 2216 1909 2252 CICERO

209 2267 244 2302 S.
272 2266 313 2302 D.
337 2269 342 2311 1
365 2267 531 2302 TIRONI
559 2267 660 2302 SVO.
689 2266 938 2301 SEPTIMVM
968 2268 979 2311 11
1013 2271 1042 2302 1.
1071 2266 1272 2301 TVLLIVS
1299 2264 1467 2300 TIRONI
1494 2265 1584 2299 sVO
1612 2264 1709 2299 SAL.
1736 2264 1805 2299 PL.
1833 2265 1911 2307 (hoc

208 2327 239 2349 v.
271 2326 336 2350 om.
371 2314 432 2356 H)
455 2314 640 2360 'PAVLO
672 2313 889 2349 FACILIVS
921 2314 1102 2348 PVTAVI
1132 2315 1143 2358 11
1175 2318 1206 2348 2.
1239 2312 1441 2348 TVLLIVS
1471 2311 1638 2347 TIRONI
1664 2311 1754 2346 SVO
1782 2311 1880 2346 SAL.
1904 2319 1907 2357 1

208 2361 312 2396 NON
338 2360 467 2403 QVEO
494 2362 559 2396 AD
585 2361 713 2396 TENE
745 2364 756 2404 11
788 2365 818 2397 3.
848 2361 1050 2396 TVLLIVS
1077 2360 1137 2394 ET
1164 2359 1334 2395 CICERO
1361 2359 1529 2394 TIRONI
1562 2359 1652 2394 SVO
1680 2360 1758 2396 (hoc
1782 2371 1813 2395 v.
1841 2370 1908 2394 om.

209 2408 273 2452 H)
298 2408 331 2443 S.
360 2408 402 2444 D.
430 2410 514 2453 (hoc
539 2421 569 2444 v.
597 2421 663 2444 om.
690 2409 753 2453 H)
776 2411 780 2452 1
804 2408 865 2442 ET
892 2408 931 2450 Q.
958 2408 1118 2443 PATER
1144 2407 1205 2441 ET
1231 2406 1383 2442 FILIVS
1416 2408 1427 2451 11
1458 2411 1488 2441 4.
1515 2406 1715 2441 TVLLIVS
1743 2405 1911 2441 TIRONI

209 2455 299 2491 SVO
327 2455 425 2491 SAL.
451 2456 520 2491 PL.
547 2456 636 2492 DIC.
660 2459 664 2499 1
686 2456 747 2490 ΕΤ
773 2455 942 2491 CICERO
970 2456 1031 2490 ET
1058 2454 1098 2497 Q.
1126 2455 1318 2490 FRATER
1337 2456 1348 2499 11
1368 2458 1398 2489 6.
1425 2453 1625 2488 TVLLIVS
1651 2453 1712 2488 ET
1739 2452 1909 2488 CICERO

208 2502 270 2537 ET
297 2501 337 2544 Q.
366 2502 406 2545 Q.
434 2503 601 2538 TIRONI
633 2507 734 2543 (nota
764 2504 830 2538 hoc
859 2515 891 2539 v.
923 2505 1161 2548 perscriptam
1192 2504 1234 2537 in
1259 2502 1318 2546 H)
1345 2501 1442 2536 SAL.
1479 2503 1483 2545 1
1517 2500 1733 2535 TERTIAM
1759 2500 1824 2534 AD
1850 2499 1909 2534 TE

208 2549 340 2585 HANC
371 2552 382 2594 11
411 2553 442 2586 8.
477 2550 516 2592 Q.
551 2550 721 2586 CICERO
753 2550 921 2586 TIRONI
954 2551 987 2586 S.
1021 2551 1062 2585 D.
1094 2553 1098 2594 1
1126 2549 1330 2584 MAGNAE
1370 2551 1493 2592 (mane
1525 2548 1585 2591 H)
1617 2547 1760 2582 BONIS
1792 2547 1880 2582 EST
1900 2548 1912 2593 11

209 2600 241 2631 9.
267 2596 468 2632 TVLLIVS
501 2598 561 2632 ET
594 2597 764 2633 CICERO
797 2597 962 2633 TIRONI
991 2598 1080 2633 SVO
1108 2597 1206 2632 SAL.
1231 2596 1235 2641 1
1259 2596 1351 2631 NOS
1377 2596 1409 2630 A
1433 2595 1492 2629 TE
1518 2595 1583 2629 VT
1609 2594 1706 2630 SCIS
1732 2593 1910 2630 DISCES-

211 2642 351 2678 SIMVS
388 2648 400 2682 n
438 2648 490 2678 11.
518 2645 719 2680 TVLLIVS
746 2645 806 2679 ET
833 2645 1003 2680 CICERO
1031 2643 1275 2679 TEREN'I'IA
1304 2646 1307 2686 Ι
1337 2643 1443 2678 ETSI
1470 2641 1911 2677 OPPORTVNITATEM

210 2690 516 2734 (oportunitatem
543 2692 602 2735 H)
622 2694 634 2736 11
655 2695 708 2727 12.
736 2692 935 2727 TVLLIVS
963 2692 996 2727 S.
1018 2692 1061 2727 D.
1082 2690 1249 2726 TIRONI
1275 2690 1364 2726 SVO
1389 2693 1393 2734 1
1417 2689 1512 2732 QVO
1534 2689 1586 2724 IN
1605 2688 1885 2724 DISCRIMINE

212 2741 266 2772 10.
293 2737 494 2773 TVLLIVS
521 2738 687 2773 TIRONI
714 2739 812 2774 SAL.
836 2739 840 2782 1
863 2739 958 2774 EGO
984 2738 1114 2773 VERO
1142 2737 1283 2773 CVPIO
1309 2737 1370 2771 TE
1397 2738 1408 2781 11
1437 2740 1490 2772 15.
1517 2736 1719 2771 TVLLIVS
1745 2735 1912 2770 TIRONI

211 2785 312 2819 SAL.
337 2787 341 2827 1
364 2784 590 2820 AEGYPTA
623 2785 783 2830 (agiptia
809 2786 869 2830 H)
895 2785 960 2819 AD
986 2785 1055 2820 ME
1081 2785 1229 2820 VENIT
1248 2786 1260 2829 11
1281 2788 1334 2819 14.
1362 2783 1565 2819 TVLLIVS
1591 2783 1758 2818 TIRONI
1783 2782 1880 2817 SAL.

210 2831 454 2866 ANDRICVS
480 2831 732 2866 POSTRIDIE
761 2833 773 2876 11
803 2836 856 2867 13.
883 2832 1085 2867 TVLLIVS
1112 2831 1279 2866 TIRONI
1306 2831 1402 2865 SAL.
1428 2833 1431 2873 1
1455 2830 1612 2865 OMNIA
1636 2830 1669 2864 A
1694 2829 1755 2863 ΤΕ
1781 2829 1912 2864 DATA

211 2879 316 2913 MIHI
351 2882 362 2918 11
395 2882 448 2913 16.
479 2878 518 2920 Q.
546 2879 593 2914 M.
622 2879 799 2913 FRATRI
825 2879 922 2914 SAL.
958 2882 962 2922 1
997 2879 1059 2913 DE
1091 2878 1272 2913 TIRONE
1305 2878 1359 2912 MI
1388 2876 1553 2912 MARCE
1586 2879 1596 2920 11
1630 2880 1682 2911 17.
1710 2876 1912 2911 TVLLIVS

211 2925 377 2960 TIRONI
405 2925 502 2960 SAL.
526 2928 530 2971 1
553 2926 700 2960 VIDEO
729 2925 844 2967 QVID
870 2925 994 2961 AGAS
1015 2928 1026 2970 11
1048 2930 1100 2961 18.
1127 2924 1328 2959 TVLLIVS
1352 2923 1518 2959 TIRONI
1545 2923 1642 2959 SAL.
1667 2925 1670 2967 1
1695 2922 1810 2964 QVID
1830 2923 1912 2958 IGI—

212 2972 311 3007 TVR
342 2972 446 3008 NON
483 2975 495 3018 11
536 2977 587 3008 19.
621 2972 821 3008 'IVLLIVS
854 2973 1021 3008 TIRONI
1054 2972 1150 3007 SAL.
1181 2975 1185 3014 1
1213 2970 1458 3006 EXSPECTO
1490 2970 1613 3005 TVAS
1647 2970 1882 3006 LITTERAS
1904 2971 1916 3016 11

213 3023 268 3054 20.
295 3020 496 3055 TVLLIVS
523 3020 689 3054 TIRONI
715 3020 811 3055 SAL.
836 3022 841 3064 1
864 3019 1140 3055 SOLLICITAT
1166 3018 1248 3053 ITA
1272 3017 1430 3053 VIVAM
1462 3019 1473 3062 11
1504 3022 1559 3052 21.
1588 3016 1758 3052 CICERO
1785 3017 1822 3052 F.
1850 3017 1913 3052 TI-

212 3066 330 3101 RONI
363 3067 453 3102 SVO
486 3067 770 3108 DVLcISSIMO
806 3067 839 3102 S.
868 3066 1014 3110 (tironis
1040 3066 1158 3101 dulcis
1186 3066 1245 3109 H)
1280 3066 1284 3108 1
1319 3064 1420 3099 CVM
1445 3064 1782 3099 VEHEMENTER
1811 3066 1823 3109 11
1856 3068 1911 3099 22.

213 3112 414 3148 TVLLIVS
457 3114 624 3149 TIRONI
669 3114 759 3149 SVO
799 3114 895 3149 SAL.
933 3115 936 3158 1
972 3113 1121 3148 SPERE
1161 3115 1282 3157 (spero
1321 3112 1380 3157 II)
1420 3111 1484 3145 EX
1521 3111 1628 3146 TVIS
1666 3111 1883 3146 LITTERIS
1903 3128 1912 3149 ι,

214 3163 270 3196 23.
303 3159 473 3197 CICERO
506 3161 673 3197 TIRONI
706 3161 802 3196 SAL.
838 3164 842 3205 1
876 3161 941 3195 TV
971 3161 1101 3196 VERO
1135 3158 1338 3196 CONFICE
1375 3160 1388 3204 11
1407 3163 1479 3194 ’24.
1512 3158 1713 3194 TVLLIVS
1747 3158 1913 3194 TIRONI
