2242 3496
738 217 1070 253 lepls'l'VLARVM
1104 220 1159 254 ΙΙΙ.
1188 224 1218 254 ϋ.
1766 221 1818 260 ὑῒ

130 324 285 381 quibus
329 324 410 365 etsi
450 326 490 364 te
529 324 709 365 Tarsum
757 326 967 379 proficisci
1013 328 1357 382 ‹lemonstmbns,
1402 331 1543 369 tamen
1591 328 1692 368 mibi
1739 343 1820 369 non

129 395 304 438 dubiam
337 408 457 449 spem
490 395 572 435 moi
606 396 881 437 conveniendi
921 399 1159 451 adferebas,
1199 414 1293 440 cuin
1335 399 1514 451 interea,
1554 398 1678 439 credo
1712 400 1822 452 oqui-

130 467 244 520 dem,
287 465 488 507 malevoli
532 465 727 507 homines
767 492 812 496 —
850 468 935 509 late
974 469 1086 510 enim
1125 473 1245 524 patet
1286 469 1366 510 hoe
1405 469 1557 510 vitium
1597 472 1640 510 et
1678 473 1744 510 est
1783 470 1823 510 in

130 536 280 579 multis
317 561 387 590 -,
426 536 498 577 sed
538 539 681 577 tamen
720 538 988 591 probabilem
1030 541 1250 581 materiem
1292 540 1404 581 nacti
1444 540 1652 581 sermonis
1687 540 1822 595 ignari

95 622 250 650 smeae
289 607 558 650 constantiae
598 608 865 649 conabantur
904 610 1087 651 alienare
1122 626 1145 651 a
1179 614 1219 651 te
1255 612 1517 653 voluntatem
1559 625 1713 664 meam,
1753 611 1823 664 qui

129 681 172 720 te
203 677 347 720 forum
378 677 502 719 Tarsi
536 692 681 733 agere,
715 682 903 721 statuere
939 682 1090 734 multu,
1133 682 1374 737 decernere,
1406 682 1592 724 iudicare
1626 681 1826 735 dicerent,

130 763 227 792 cum
258 763 409 804 posses
443 749 528 790 iam
563 749 773 803 suspicari
807 750 885 790 tibi
920 766 1010 792 esse
1045 767 1299 806 sueeessuni,
1333 768 1440 806 quae
1475 768 1523 794 ne
1557 753 1609 793 ab
1642 752 1702 793 eis
1736 751 1825 806 qui-

130 820 226 862 dem
258 820 351 862 fieri
383 820 584 874 solerent,
617 820 689 874 qui
723 820 840 862 brevi
875 824 1066 876 tempore
1100 823 1181 864 sibi
1215 823 1380 864 succedi
1409 827 1620 877 putarent.
1671 823 1825 864 horum
1854 834 1872 862 ι’,

131 905 212 947 ego
245 905 441 933 sermone
474 906 560 932 non
593 891 808 946 movebar,
841 893 942 946 quin
977 894 1119 948 etiam,
1152 893 1297 935 credas
1332 894 1387 935 mi
1418 894 1556 949 velini,
1589 895 1623 935 si
1652 894 1752 949 quid
1780 897 1826 935 tu

81 978 115 1004 ιο
134 976 301 1019 ageres,
339 962 472 1004 levari
511 976 578 1003 me
617 962 825 1016 putabam
864 963 1066 1005 molestia
1105 967 1147 1006 ct
1179 979 1229 1005 ex
1268 980 1406 1005 annua
1445 966 1681 1019 provincia,
1719 980 1826 1020 quae

132 1033 240 1075 mihi
272 1033 404 1089 longa
435 1033 662 1087 videretur,
695 1048 827 1088 prope
861 1034 946 1076 iam
978 1034 1174 1076 undecim
1200 1050 1424 1076 mensuum
1456 1036 1719 1090 provinciam
1748 1036 1829 1080 fac-

132 1108 224 1147 tam
255 1119 348 1147 esse
381 1104 639 1161 gaudebam,
679 1104 715 1145 si
749 1105 916 1159 apsenti
950 1105 1056 1147 mihi
1089 1105 1214 1147 unius
1254 1106 1412 1147 mensis
1451 1107 1573 1147 labor
1610 1107 1828 1148 detractus

133 1179 264 1218 esset:
308 1175 433 1230 illud,
477 1190 575 1217 vere
614 1175 769 1230 dicam,
815 1191 881 1217 me
927 1180 1088 1231 movet,
1132 1177 1175 1219 in
1216 1180 1338 1218 tanta
1383 1177 1568 1218 militum
1612 1177 1828 1231 paucitate

133 1247 283 1289 abesse
321 1247 401 1288 tris
441 1247 592 1301 cortis,
637 1262 744 1302 quae
784 1247 871 1289 sint
911 1248 1202 1302 plenissimae,
1246 1263 1323 1291 nec
1362 1263 1428 1290 me
1467 1249 1573 1290 scire
1612 1248 1684 1289 ubi
1725 1248 1829 1303 sint,

81 1331 114 1358 15
134 1318 439 1360 molestissime
479 1321 624 1360 autem
656 1318 766 1373 fero,
805 1319 935 1373 quod,
974 1322 1016 1360 te
1048 1319 1121 1360 ubi
1155 1320 1323 1361 visurus
1356 1319 1454 1374 sim,
1495 1319 1655 1373 nescio,
1694 1334 1828 1373 eoque

134 1389 186 1431 ad
213 1392 255 1431 te
282 1389 448 1431 tardius
470 1389 635 1444 scripsi,
663 1390 777 1444 quod
804 1390 958 1432 cotidie
985 1393 1027 1432 te
1054 1391 1195 1445 ipsum
1222 1391 1512 1445 expectabam,
1545 1405 1641 1432 cum
1668 1391 1830 1432 interea

133 1475 186 1502 ne
218 1459 390 1502 litteras
424 1460 595 1515 quidem
626 1461 737 1502 ullas
772 1461 928 1516 accepi,
961 1476 1067 1515 quae
1100 1476 1166 1503 me
1199 1462 1410 1516 docerent,
1443 1461 1723 1516 quidageres
1757 1463 1830 1502 aut

134 1532 209 1574 ubi
240 1535 284 1574 te
316 1531 486 1573 visurus
521 1546 669 1573 essem.
721 1532 867 1587 itaque
894 1532 1033 1574 virum
1065 1532 1223 1574 fortem
1256 1532 1444 1587 mihique
1477 1532 1520 1573 in
1552 1532 1702 1586 primis
1734 1546 1829 1586 pro-

133 1603 303 1658 batum,
341 1601 391 1644 D.
419 1602 677 1657 Antonium,
717 1602 985 1658 praefectum
1017 1606 1310 1657 evocatorum,
1349 1602 1446 1644 misi
1485 1603 1535 1643 ad
1573 1605 1633 1657 te,
1673 1602 1757 1657 cui,
1796 1601 1831 1642 si

83 1688 118 1714 20
136 1674 218 1716 tibi
244 1674 473 1725 videretur,
499 1673 691 1716 cohortis
719 1674 921 1730 traderes,
946 1677 1007 1730 ut,
1035 1675 1136 1716 dum
1161 1676 1331 1729 tempus
1359 1672 1458 1715 anni
1484 1676 1596 1715 esset
1623 1672 1831 1726 idoneum,

135 1745 299 1801 aliquid
328 1745 495 1802 negotii
529 1758 675 1801 gerere
705 1760 896 1800 possem,
928 1746 973 1786 in
1005 1759 1100 1801 quo,
1134 1748 1207 1786 tuo
1242 1744 1422 1786 consilio
1451 1746 1498 1785 ut
1524 1758 1590 1785 me
1618 1757 1831 1798 sperarem

136 1831 228 1859 esse
259 1831 458 1871 usurum,
499 1818 543 1858 et
575 1816 766 1858 amicitia
797 1819 948 1859 nostra
980 1819 1023 1858 et
1053 1816 1225 1857 litterae
1264 1818 1361 1857 tuae
1393 1814 1599 1869 fecerant,
1639 1814 1750 1868 quod
1781 1829 1832 1855 ne

135 1902 248 1930 nunc
280 1887 453 1943 quidem
490 1887 686 1943 desper03
727 1888 801 1930 sed
838 1888 982 1942 plane,
1021 1887 1189 1942 quando
1229 1888 1303 1928 aut
1342 1886 1416 1927 ubi
1454 1888 1496 1927 te
1536 1886 1702 1927 visurus
1742 1885 1833 1938 sim,

136 1958 222 2000 nisi
253 1958 307 2000 ad
340 1973 406 2000 me
435 1958 669 2014 scripseris,
701 1974 753 2000 ne
781 1959 990 2014 suspicari
1017 1951 1189 2013 quidem
1220 1972 1409 2012 possum.
1461 1970 1552 2012 ego,
1585 1959 1633 1997 ut
1660 1971 1725 1997 ine
1752 1955 1831 1997 tibi
1859 1967 1878 1997 6

84 2042 117 2069 25
137 2029 448 2072 amicissimum
481 2044 574 2072 esse
607 2033 649 2072 et
683 2030 806 2086 aequi
840 2033 882 2071 et
915 2029 1051 2084 iniqui
1084 2028 1357 2084 intellegant,
1390 2027 1568 2069 curabo:
1601 2027 1650 2068 de
1684 2030 1757 2067 tuo
1791 2026 1833 2066 in

136 2115 203 2143 me
242 2100 386 2143 animo
425 2101 585 2156 iniquis
625 2116 746 2143 secus
786 2100 1058 2143 existimandi
1097 2099 1254 2141 videris
1297 2098 1492 2140 nonnihil
1530 2097 1613 2139 loci
1652 2097 1834 2151 dedisse,

137 2171 179 2214 id
217 2171 254 2214 si
292 2172 546 2228 correxeris,
583 2173 689 2214 mihi
729 2172 850 2214 valde
890 2174 1062 2227 gratum
1096 2170 1188 2212 erit.
1245 2172 1304 2224 et,
1342 2172 1390 2210 ut
1427 2169 1584 2210 habere
1623 2168 1832 2209 rationem

136 2243 297 2298 possiS,
336 2257 421 2298 quo
460 2243 556 2286 loco
590 2258 657 2285 me
691 2243 809 2285 salva
841 2243 935 2299 lege
969 2241 1166 2284 Cornelia
1199 2240 1444 2294 convenias,
1477 2253 1556 2294 ego
1589 2239 1632 2280 in
1665 2238 1833 2293 provin-

137 2313 249 2356 ciam
275 2314 372 2356 veni
398 2314 535 2369 pridie
563 2314 614 2356 K.
638 2314 834 2369 Sextiles,
865 2314 948 2355 iter
975 2314 1019 2355 in
1046 2312 1241 2355 Ciliciam
1268 2311 1378 2353 facio
1405 2325 1481 2364 per
1507 2309 1832 2364 Cappadociam,

87 2398 122 2424 so
142 2387 284 2427 castra
316 2385 432 2427 movi
465 2386 518 2427 ab
545 2386 692 2428 Iconio
725 2385 861 2441 pridie
889 2384 940 2426 K.
969 2383 1255 2438 Septembres.
1305 2396 1415 2423 nunc
1448 2383 1496 2422 tu
1528 2384 1570 2422 et
1602 2395 1651 2421 ex
1683 2380 1831 2421 diebus

137 2458 182 2498 et
212 2470 264 2498 ex
295 2456 462 2499 ratione
494 2456 676 2511 itineris,
709 2457 743 2498 si
776 2456 950 2511 putabis
984 2469 1050 2496 mc
1083 2468 1173 2495 esse
1207 2452 1554 2506 conveniendum,
1586 2450 1832 2504 constitues,

138 2541 222 2581 quo
254 2526 350 2570 loco
381 2527 425 2569 id
458 2527 803 2570 commodissime
836 2527 928 2568 fieri
961 2525 1100 2581 possit
1132 2527 1175 2566 et
1207 2538 1290 2578 quo
1324 2523 1401 2564 die.

257 2658 287 2691 1.
316 2655 387 2691 etsi
412 2657 449 2691 te
476 2657 530 2700 M,
559 2655 627 2691 etsi
651 2656 722 2691 GR
741 2657 753 2700 ΙΙ
773 2659 802 2689 3.
831 2656 888 2690 est
915 2655 998 2698 GR,
1026 2655 1082 2687 est
1108 2652 1205 2688 enini
1225 2652 1272 2686 M
1286 2653 1297 2696 ΙΙ
1317 2654 1347 2685 4.
1376 2649 1569 2684 materiam
1593 2649 1663 2683 (1¹1ss
1682 2650 1700 2700 ΙΙ.
1714 2647 1832 2700 ignari

138 2714 182 2738 ex
206 2702 375 2748 ignariae
400 2704 461 2738 M¹
493 2705 504 2748 ΙΙ
538 2707 566 2738 7.
595 2703 664 2746 cis]
692 2702 749 2736 his
776 2704 821 2745 Ω,
847 2701 892 2736 iis
920 2713 940 2739 ς
966 2703 977 2745 Η
1003 2706 1033 2734 8.
1062 2699 1223 2734 solerent
1248 2699 1346 2741 MR,
1374 2697 1551 2731 ‹leber-ent
1578 2697 1609 2728 (γ’
1636 2698 1647 2739 ΙΙ
1673 2694 1833 2747 min-113¹,

138 2749 208 2784 tibi
234 2751 315 2786 MG
340 2755 373 2786 et
396 2750 449 2786 R¹
477 2763 567 2786 corr.
599 2752 611 2795 Η
644 2754 695 2784 11.
725 2749 914 2784 uideretur
941 2749 1030 2790 GR,
1066 2746 1213 2780 uidetur
1239 2746 1285 2779 M
1307 2747 1318 2789 Η
1343 2756 1532 2778 mensumn
1561 2743 1833 2793 JL-nwnsnnn

140 2797 223 2841 GR,
249 2808 417 2832 mensum
443 2799 584 2833 Baiter.
623 2798 668 2840 cf.
697 2798 851 2842 Georyes
878 2796 980 2830 ‘Lem
1008 2795 1041 2828 (I.
1070 2795 1130 2828 lat.
1155 2793 1298 2833 lVortlL’
1327 2804 1354 2826 s.
1374 2804 1405 2827 v.
1431 2793 1442 2834 ΙΙ
1472 2795 1522 2824 14.
1551 2792 1661 2841 cor-tis
1691 2790 1748 2830 Μ,
1775 2800 1832 2821 ‹so-

138 2843 262 2879 hortes
291 2845 363 2881 GR
382 2847 394 2890 ΙΙ
415 2849 467 2879 15.
495 2845 572 2879 fero
600 2845 653 2888 M,
681 2843 823 2889 perfero
852 2843 923 2878 GR
943 2844 954 2886 Η
976 2845 1026 2875 17.
1056 2852 1113 2874 inc
1141 2840 1223 2884 GR,
1254 2839 1299 2872 dc
1326 2850 1382 2873 nie
1409 2839 1481 2882 Mn
1505 2842 1553 2871 1⁸.
1583 2848 1745 2888 nisurum
1768 2837 1812 2870 M

139 2901 256 2926 essem
283 2892 343 2935 M,
376 2892 445 2927 sim
473 2893 545 2928 GR
571 2894 582 2935 ΙΙ
607 2891 735 2934 itaque
761 2890 880 2924 virum
913 2901 977 2924 om.
1007 2888 1077 2922 GR
1108 2890 1119 2930 11
1153 2890 1204 2921 19.
1234 2886 1266 2920 d.
1295 2885 1486 2920 antonium
1514 2885 1564 2927 ]ι’,
1599 2883 1702 2916 dedit
1726 2883 1834 2927 <quod

138 2949 218 2984 exp.
250 2939 330 2981 Mc)
367 2939 559 2974 antonium
588 2940 645 2981 M,
685 2937 874 2972 antonium
905 2938 935 2969 (ι’
969 2938 980 2978 Η
1012 2935 1125 2979 praef.
1160 2934 1231 2979 cv]
1265 2935 1310 2977 ef.
1340 2934 1534 2967 Mommsen
1566 2931 1640 2982 eph.
1672 2931 1781 2974 epiyr.
1803 2929 1833 2962 V

137 2989 251 3030 p.142
265 2997 314 3031 sq.
335 2987 346 3030 ΙΙ
367 2986 395 3021 si
411 2999 454 3022 ea:
469 2986 517 3020 Sit
532 2987 596 3021 Mc
615 2988 626 3029 Η
647 2989 700 3019 20.
713 2984 901 3018 uideretur
917 2983 987 3016 (r'Iif
1002 2983 1105 3024 (Mf),
1122 2981 1269 3015 uidetur
1287 2982 1331 3015 M
1345 2983 1356 3023 Η
1376 2983 1492 3013 24.“.2;“»,
1512 2977 1577 3011 tibi
1600 2989 1672 3010 lain
1689 2988 1758 3010 ani.
1776 2977 1809 3009 (J

139 3035 194 3067 25.
216 3032 278 3079 de]
299 3033 396 3080 (tu)
419 3034 463 3068 de
489 3034 695 3075 Wesenberq
714 3034 725 3077 ΙΙ
745 3035 863 3065 2526,
887 3029 1009 3063 auimo
1031 3028 1067 3062 in
1088 3040 1144 3063 mc
1162 3030 1193 3063 G
1214 3031 1225 3073 ΙΙ
1246 3032 1297 3061 26.
1313 3024 1561 3068 existimandi,
1583 3023 1619 3058 di
1644 3025 1682 3058 in
1700 3026 1770 3066 litte
1790 3035 1834 3057 rs.

140 3079 224 3115 add.
251 3080 318 3114 Μο
337 3081 348 3125 ΙΙ
368 3083 422 3115 28.
451 3091 523 3125 quo
550 3080 588 3114 in
614 3079 636 3114 l.
666 3071 699 3115 G
718 3081 729 3123 11
750 3084 802 3112 28,
826 3082 880 3111 29.
902 3075 1149 3121 prinnineiam
1177 3077 1230 3118 M,
1257 3072 1447 3120 prouincia
1470 3073 1540 3107 Gli&
1560 3074 1570 3116 ΙΙ
1590 3076 1644 3105 29.
1673 3070 1832 3105 ciciliani

141 3126 202 3169 M,
239 3125 362 3161 cilicio
394 3128 431 3163 R
461 3129 473 3172 ΙΙ
505 3131 558 3161 30.
593 3128 716 3161 crasta
748 3126 795 3160 M
821 3127 833 3168 ΙΙ
864 3123 978 3170 movi]
1011 3123 1166 3157 movebo
1194 3123 1242 3158 H.
1268 3122 1339 3157 Ten
1363 3121 1445 3156 Calc
1468 3119 1651 3155 Fcnnema
1686 3118 1831 3163 ‘quaest

141 3172 282 3208 Parth!
312 3174 410 3218 (diss.
437 3175 558 3221 Luyd.
580 3175 626 3208 B.
650 3177 753 3218 1882)
774 3186 811 3218 p.
836 3175 913 3215 111,
935 3182 1125 3216 perperam
