2242 3496
338 529 354 558 1

979 126 1027 161 M.
1054 124 1195 160 TVLLI
1221 122 1471 159 CICERONlS

384 134 409 174 [Ὁ

414 134 438 175 <0

443 135 469 174 Ν)

1091 290 1185 332 xv.
1231 289 1367 348 (425.)

686 401 740 442 M.
775 397 987 442 CICERO
1021 397 1073 438 D.
1105 395 1302 439 BRVTO
1335 395 1454 438 cos,
1487 395 1611 438 Dus,
1647 395 1686 438 s
1718 396 1771 439 D.

499 510 596 551 Etsi
637 507 742 548 mihi
780 509 878 547 tuae
917 505 1087 546 litterae
1132 503 1466 545 iucundissimae
1505 506 1622 557 sunt,
1664 506 1811 544 tamen
1850 503 2076 545 iucundius

382 582 476 631 fuit,
509 579 620 633 quod
652 578 696 618 in
728 591 896 618 summa
929 575 1210 630 occupatione
1243 577 1319 616 tua
1350 574 1510 616 Planco
1543 574 1736 630 collegae
1769 574 1997 627 mandasti,
2028 576 2078 616 ut

381 655 422 692 te
467 650 572 691 mihi
615 663 691 702 per
734 648 904 688 litteras
951 649 1193 701 excusaret,
1239 646 1352 701 quod
1395 645 1499 686 fecit
1548 645 1622 687 ille
1666 644 1907 701 diligenter.
1969 645 2077 686 mihi
2116 665 2132 691 5

382 724 523 763 autem
554 719 661 760 nihil
695 718 925 760 amabilius
959 717 1102 760 officio
1135 720 1210 759 tuo
1244 720 1287 758 et
1319 716 1557 772 diligentia.
1603 716 1848 758 coniunctio
1874 718 1950 757 tua
1981 730 2078 758 cum

381 792 547 846 collega
590 788 902 843 concordiaque
947 791 1114 843 vestra,
1160 803 1268 843 quae
1313 787 1473 829 litteris
1520 787 1819 830 communibus
1864 786 2080 829 declarata

381 866 465 917 est,
497 860 665 903 senatui
698 859 943 914 populoque
976 859 1173 901 Romano
1207 858 1458 913 gratissima
1495 858 1661 900 accidit.
1725 859 1839 912 quod
1873 860 2080 913 superest,

378 947 526 989 perge,
569 931 628 973 mi
671 930 822 984 Brute,
867 933 909 971 et
952 930 1038 972 iam
1080 944 1169 972 non
1213 945 1309 972 cum
1354 930 1473 985 aliis,
1511 930 1584 971 sed
1628 932 1772 971 tecum
1814 929 1906 983 ipse
1951 931 2080 970 certa.

378 1005 503 1059 plura
540 1003 726 1046 scribere
763 1016 852 1043 non
888 1002 1041 1056 debeo,
1078 1002 1334 1056 praesertim
1373 1001 1426 1042 ad
1465 1004 1526 1056 te,
1571 1015 1655 1056 quo
1695 1000 1907 1056 magistro
1944 1000 2081 1042 brevi·
2101 1020 2135 1046 10

379 1076 482 1117 tatis
516 1074 580 1115 uti
613 1073 770 1128 cogito.
826 1072 998 1114 litteras
1031 1075 1128 1114 tuas
1161 1073 1438 1114 vehementer
1468 1075 1668 1126 exspecto
1697 1075 1740 1113 et
1767 1072 1940 1127 quidem
1965 1071 2081 1126 talis,

381 1146 518 1201 qualis
552 1145 737 1187 maxime
770 1146 887 1198 opto.
949 1144 1056 1185 vale.

1078 1273 1194 1316 XVI.
1241 1272 1379 1330 (383.)

681 1381 736 1423 M.
772 1380 985 1424 CICERO
1020 1379 1071 1423 D.
1104 1379 1302 1422 BRVTO
1338 1378 1454 1422 Cos,
1488 1379 1614 1422 DEs.
1649 1378 1689 1422 S.
1722 1379 1775 1422 D.

499 1489 732 1544 Permagni
762 1489 963 1543 interest,
995 1503 1078 1542 quo
1112 1487 1195 1529 tibi
1226 1487 1332 1529 haec
1364 1490 1559 1541 tempore
1592 1487 1777 1541 epistola
1812 1487 1980 1528 reddita
2012 1487 2082 1542 sit,
2102 1506 2135 1532 15

380 1564 527 1603 utrum
560 1576 657 1603 cum
689 1559 996 1601 sollicitudinis
1029 1558 1193 1613 aliquid
1224 1558 1419 1611 haberes,
1446 1573 1501 1599 an
1527 1573 1623 1599 cum
1651 1558 1703 1599 ab
1732 1558 1850 1600 omni
1881 1558 2083 1600 molestia

381 1647 538 1674 vacuus
572 1646 705 1673 esses:
738 1631 884 1686 itaque
917 1631 956 1672 ei
988 1629 1206 1685 praecepi,
1241 1644 1368 1684 quem
1407 1629 1459 1670 ad
1493 1632 1535 1670 te
1578 1628 1695 1683 misi,
1727 1632 1775 1670 ut
1807 1632 1978 1684 tempus
2011 1630 2083 1671 ob-

383 1706 573 1746 servaret
606 1702 814 1758 epistolae
853 1702 936 1743 tibi
974 1701 1227 1743 reddendae:
1263 1715 1381 1751 nam,
1415 1700 1775 1755 quemadmodum
1814 1715 1976 1755 coram,
2009 1700 2083 1755 qui

383 1775 435 1816 ad
465 1789 544 1816 nos
577 1772 880 1829 intempestive
913 1773 1083 1827 adeunt,
1110 1771 1284 1813 molesti
1318 1786 1444 1826 saepe
1478 1774 1591 1825 sunt,
1618 1771 1679 1813 sio
1712 1771 1921 1826 epistolae
1955 1771 2084 1813 offen-

383 1846 490 1887 dunt
530 1860 617 1887 non
660 1845 756 1887 loco
801 1844 1013 1898 redditae,
1057 1843 1093 1884 si
1135 1846 1297 1897 autem,
1336 1845 1385 1883 ut
1429 1857 1573 1897 spem,
1610 1843 1720 1884 nihil
1763 1845 1805 1884 te
1843 1843 2083 1898 perturbat,
2104 1862 2138 1887 20

382 1917 492 1958 nihil
521 1917 722 1972 impedit,
755 1919 798 1958 et
829 1916 920 1971 ille,
954 1914 1022 1957 eui
1053 1914 1269 1968 mandavi,
1303 1914 1410 1955 satis
1443 1914 1549 1955 scite
1582 1916 1624 1955 et
1657 1914 1879 1956 commode
1911 1916 2083 1969 tempus

385 1989 437 2030 ad
469 1991 511 2030 te
545 1989 657 2044 cepit
696 1988 896 2042 adeundi,
929 1986 1096 2028 confido
1135 2000 1223 2041 me,
1254 1985 1368 2040 quod
1405 1985 1553 2039 velim,
1586 1985 1712 2027 facile
1745 2001 1769 2026 a
1801 1987 1844 2026 te
1882 1985 2085 2040 impetra-

385 2062 539 2101 turum.
603 2058 648 2100 L.
689 2058 841 2100 Lamia
890 2060 1140 2112 praeturam
1182 2056 1306 2111 petit.
1367 2056 1450 2098 hoc
1494 2070 1574 2112 ego
1616 2059 1718 2098 utor
1759 2071 1845 2098 uno
1891 2056 2085 2098 omnium

384 2130 636 2185 plurimum:
674 2145 834 2186 magna
866 2131 1079 2183 vetustas,
1111 2142 1270 2184 magna
1307 2127 1571 2169 consuetudo
1610 2127 1856 2181 intercedit,
1888 2127 2085 2183 quodque

384 2201 619 2256 plurimum
651 2201 776 2256 valet,
802 2200 911 2242 nihil
945 2200 1053 2241 mihi
1085 2199 1176 2241 eius
1209 2201 1275 2240 est
1307 2197 1607 2239 familiaritate
1638 2198 1878 2240 iucundius.
1924 2212 2083 2254 magno
2105 2216 2139 2243 25

384 2276 606 2328 praeterea
638 2272 845 2314 beneficio
879 2272 970 2313 eius
1002 2285 1246 2327 magnoque
1277 2270 1434 2312 merito
1467 2285 1563 2311 sum
1589 2269 1828 2325 obligatus,
1861 2284 1962 2311 nam
1989 2269 2084 2312 Glo-

386 2344 522 2385 dianis
555 2344 835 2399 temporibus,
863 2358 959 2385 cum
991 2342 1205 2397 equestris
1233 2341 1395 2383 ordinis
1421 2341 1621 2396 princeps
1649 2343 1761 2382 esset
1791 2354 1956 2395 proque
1989 2356 2085 2383 mea

387 2416 523 2457 salute
558 2430 774 2457 acerrume
807 2417 1115 2470 propugnaret,
1142 2429 1167 2455 a
1194 2412 1379 2455 Gabinio
1414 2412 1588 2454 consule
1614 2412 1833 2467 relegatus
1866 2414 1944 2467 est,
1970 2412 2085 2467 quod

387 2489 484 2528 ante
527 2487 571 2527 id
615 2489 785 2541 tempus
828 2486 909 2527 civi
950 2485 1147 2527 Romano
1186 2484 1350 2527 Romae
1396 2484 1584 2540 contigit
1626 2483 1798 2525 nemini.
1861 2483 1943 2525 hoc
1988 2497 2086 2525 cum

386 2558 571 2612 populus
603 2557 826 2599 Romanus
859 2557 1070 2611 meminit,
1103 2571 1171 2597 me
1203 2555 1347 2610 ipsum
1377 2569 1466 2597 non
1498 2555 1746 2597 meminisse
1784 2554 2087 2609 turpissimum
2106 2572 2140 2597 30

506 2712 537 2744 3.
564 2708 853 2744 iocundissimae
879 2721 906 2745 s,
929 2710 956 2744 t.
982 2708 1179 2744 iocundius
1205 2709 1255 2742 M
1269 2709 1279 2752 ΙΙ
1299 2711 1330 2743 5.
1358 2709 1571 2742 excussaret
1589 2708 1640 2742 M
1653 2708 1664 2752 ΙΙ
1684 2707 1783 2752 quod
1802 2705 1868 2741 ille
1888 2705 2089 2752 diligenter

388 2755 526 2790 fecitH
566 2760 660 2792 9.1Ο,
673 2756 763 2801 ipse.
785 2758 883 2791 certe
894 2756 1092 2801 pluraHD
1114 2760 1250 2791 111.12.
1266 2755 1389 2799 qualis
1402 2755 1490 2790 talis
1504 2755 1766 2793 maximaeMil
1784 2753 1933 2789 12.vale
1946 2753 2088 2799 om.M{!

391 2806 443 2837 17.
472 2803 506 2837 ei
525 2804 580 2847 M,
607 2805 645 2838 et
664 2804 744 2838 HD
762 2805 773 2848 Η
795 2808 849 2839 19.
865 2807 919 2839 20.
949 2803 1001 2838 sic
1021 2803 1215 2838 offendunt
1233 2802 1416 2848 epistolae
1436 2802 1481 2837 Η
1495 2804 1506 2846 Η
1526 2806 1581 2837 23.
1608 2803 1647 2838 L.
1667 2801 1814 2848 Lamia]
1839 2802 1885 2844 cf.
1905 2801 1959 2835 M.
1978 2801 2089 2836 Ho'lzl

392 2850 488 2893 ‘fast
509 2851 642 2895 praet)
666 2863 704 2895 p.
727 2854 770 2885 89
802 2854 814 2894 ΙΙ
844 2854 900 2886 25,
928 2850 1006 2885 eius
1033 2853 1091 2886 est
1115 2851 1175 2894 M,
1214 2852 1272 2885 est
1303 2850 1382 2885 eius
1408 2850 1489 2884 HD
1520 2852 1530 2895 ΙΙ
1562 2853 1617 2885 27.
1649 2859 1789 2894 proque
1819 2858 1904 2882 mea
1928 2848 1990 2892 M,
2020 2859 2088 2892 pro

390 2908 545 2941 meaque
577 2898 666 2932 HD.
712 2899 756 2940 cf.
789 2899 911 2942 Rinye
945 2899 987 2933 ἵε.
1016 2899 1335 2944 δ’]ητιοῑιῃεόγαῑιοῖι
1366 2899 1400 2933 d.
1432 2898 1578 2932 Caesar'
1613 2898 1752 2942 (progr.
1788 2896 1949 2940 Gottinq.
1983 2897 2088 2940 1880)

386 2956 424 2987 p.
445 2948 489 2977 ‘20
508 2946 520 2989 Η
540 2948 594 2979 28.
616 2945 791 2979 acerrime
812 2946 893 2980 HD
911 2947 922 2989 Η
943 2956 964 2978 a
990 2945 1143 2989 gabinio
1171 2945 1364 2980 consulare
1390 2944 1530 2990 ligatus
1557 2943 1657 2986 MH,
1683 2954 1705 2977 a
1730 2942 1869 2987 gabino
1897 2942 2091 2977 consulare

391 2990 537 3034 legatus
562 2992 601 3025 D
631 2993 642 3036 ΙΙ
674 2993 721 3026 ab
749 2992 849 3039 (A.)
877 2992 1036 3027 Gabinio
1069 2993 1281 3038 lVesenbergJ
1311 2994 1323 3036 ΙΙ
1355 2996 1409 3026 29.
1437 2992 1576 3026 Romae
1599 2991 1666 3025 del.
1692 2990 1761 3024 alii
1790 2991 1802 3034 11
1833 2989 1974 3023 nemini
1997 2990 2090 3034 HD,

392 3037 543 3117 menIiIini
563 3039 635 3120 Illdu
655 3042 710 3074 30.
731 3039 902 3074 meminit
921 3039 1011 3083 HD,
1037 3039 1191 3074 memini
1211 3040 1264 3083 M,
1290 3038 1502 3075 meminerit
1521 3048 1552 3075 ς.
1588 3038 1633 3081 cf.
1657 3036 1693 3072 (J.
1717 3037 1764 3072 F.
1781 3037 1837 3072 W.
1858 3036 1996 3072 Mzilleo-
2017 3038 2093 3074 Cic.-

393 3095 448 3128 01).
505 3112 512 3128 ,
534 3088 553 3117 2
581 3097 600 3118 α
649 3097 686 3129 2).
711 3090 788 3130 150,
810 3090 830 3120 8

2229 752 2242 803 ε

2225 806 2242 1371 Ξ

2233 1623 2242 1839 ἰ

2235 1922 2242 2071 ἒ

2223 2072 2242 3015 Ξ

2224 3084 2242 3149 ᾖ

2223 3154 2242 3236 Ξ

2184 3335 2242 3496 i
