2242 3496
373 156 457 195 324
969 149 1018 183 Μ.
1044 146 1184 181 TVLLI
1210 145 1461 180 CICERONIS

1056 288 1199 330 XVII.
1244 287 1382 344 (224.)

668 385 876 430 CICERO
913 383 954 425 8.
986 382 1036 424 D.
1070 380 1413 424 CORNIFICIO
1448 379 1773 423 OOLLEGAE.

494 484 626 524 Grata
657 481 763 522 mihi
796 479 1070 521 vehementer
1102 479 1168 518 est
1200 476 1408 518 memoria
1438 476 1578 517 nostri
1610 480 1702 531 tua,
1744 491 1873 531 quam
1907 477 2069 532 signifi-

375 556 478 595 casti
507 553 680 605 litteris3
709 565 835 605 quam
862 552 911 590 ut
939 562 1176 601 conserves,
1202 562 1290 588 non
1316 561 1399 602 quo
1421 547 1470 588 de
1493 550 1569 587 tua
1595 548 1840 588 constantia
1865 547 2070 602 dubitem,

375 626 443 666 sed
479 624 578 677 quia
610 637 701 663 mos
735 624 800 662 est
832 620 894 661 ita
926 619 1127 674 rogandi,
1160 631 1278 673 rogo.
1335 633 1385 659 ex
1420 616 1545 672 Syria
1575 617 1701 659 nobis
1735 617 2072 660 tumultuosiora
2108 632 2125 658 5

374 695 579 748 quaedam
612 692 809 734 nuntiata
842 693 959 743 sunt,
991 704 1116 743 quae,
1156 688 1257 743 quia
1289 688 1372 729 tibi
1405 692 1505 729 sunt
1536 689 1741 743 propiora
1773 704 1902 744 quam
1932 689 2072 744 nobis,

372 769 445 806 tua
478 779 544 805 me
584 778 711 804 causa
750 761 887 817 magis
927 762 1102 802 movent
1140 774 1270 814 quam
1308 774 1414 800 mea.
1476 759 1640 800 Romae
1679 774 1896 801 summum
1934 760 2073 802 Otium

374 839 450 889 est,
483 835 554 875 sed
586 834 660 888 ita,
692 836 741 874 ut
774 832 898 874 malis
933 831 1103 873 salubre
1136 830 1311 885 aliquod
1345 833 1387 871 et
1420 830 1651 872 honestum
1682 831 1927 887 negotium:
1960 831 2074 887 quod

328 919 345 947 ι)
375 920 497 960 spero
531 905 638 958 fore3
676 904 799 945 video
838 903 880 944 id
914 917 1038 944 curae
1078 917 1170 943 esse
1204 901 1390 944 Caesari.
1448 917 1514 943 me
1554 902 1681 956 scito,
1719 903 1820 943 dum
1859 905 1907 944 tu
1946 903 2074 958 apsis,

374 977 495 1030 quasi
529 975 794 1017 occasionem
828 974 1041 1028 quandam
1081 976 1124 1025 et
1155 973 1377 1014 licentiam
1415 975 1591 1014 nactum
1633 973 1819 1015 scribere
1859 973 2074 1027 audacius,
2095 988 2128 1012 10

374 1050 415 1088 et
448 1050 587 1088 cetera
620 1046 792 1100 quidem
824 1045 1027 1099 fortasse,
1066 1059 1174 1098 quae
1207 1043 1339 1085 etiam
1379 1047 1427 1085 tu
1460 1045 1730 1098 concederes,
1769 1045 1841 1090 sed
1881 1045 2074 1099 proxime

375 1117 527 1172 scripsi
559 1118 608 1158 de
642 1117 807 1171 optimo
841 1130 994 1171 genere
1029 1115 1214 1169 dicendi,
1256 1115 1301 1156 in
1333 1130 1417 1170 quo
1451 1130 1576 1169 saepe
1616 1116 1859 1170 suspicatus
1898 1131 1994 1157 sum
2031 1119 2075 1157 te

376 1205 398 1230 a
431 1188 585 1229 iudicio
618 1190 785 1240 nostro,
826 1187 886 1228 810
920 1186 1103 1240 scilicet,
1144 1189 1194 1227 ut
1226 1186 1401 1227 doctum
1433 1186 1652 1227 hominem
1686 1186 1740 1227 ab
1771 1201 1858 1228 non
1888 1186 2076 1241 indocto,

375 1259 550 1313 paulum
583 1258 805 1299 dissidere:
844 1257 944 1299 huic
976 1261 1024 1298 tu
1056 1257 1169 1299 libro
1203 1258 1388 1299 maxime
1421 1257 1549 1299 velim
1582 1272 1631 1298 ex
1665 1257 1820 1311 animo,
1853 1257 1889 1298 si
1922 1257 2078 1313 minus,

376 1330 538 1384 gratiae
573 1344 699 1370 causa
727 1329 976 1384 ‘suffragere
1035 1329 1174 1370 dicam
1206 1330 1311 1383 tuis,
1342 1332 1392 1370 ut
1424 1344 1540 1379 eum,
1573 1328 1608 1369 si
1641 1328 1793 1384 velint,
1832 1328 2077 1371 describam:
2098 1342 2130 1367 15

377 1402 426 1441 ad
460 1404 585 1454 teque
620 1400 815 1454 mittant3
854 1403 959 1454 puto
993 1399 1124 1453 enim,
1167 1401 1338 1442 etiamsi
1370 1415 1461 1442 rem
1494 1399 1636 1440 minus
1668 1400 1896 1455 probabis,
1931 1403 2077 1442 tamen

377 1472 419 1512 in
451 1472 535 1513 ista
567 1471 811 1525 solitudine,
845 1471 1045 1525 quicquid
1079 1486 1104 1512 a
1135 1486 1201 1512 me
1229 1471 1472 1525 profectum
1506 1470 1574 1524 sit,
1605 1470 1839 1512 iucundum
1865 1470 1948 1512 tibi
1973 1470 2076 1512 fore.

330 1559 336 1583 .·
378 1543 489 1596 quod
522 1542 629 1583 mihi
662 1542 1029 1584 existimationem
1060 1546 1180 1583 tuam
1207 1542 1551 1597 dignitatemque
1579 1542 1866 1596 commendas,
1897 1541 2004 1584 facis
2030 1544 2078 1583 tu

377 1614 547 1667 quidem
574 1614 765 1654 omnium
793 1628 923 1668 more,
951 1614 1023 1654 sed
1050 1613 1180 1655 velim
1207 1613 1269 1654 810
1296 1613 1529 1667 existimes,
1556 1628 1623 1654 me
1651 1628 1748 1655 cum
1776 1613 1925 1667 amori,
1952 1627 2078 1667 quem

377 1685 489 1731 inter
508 1700 586 1726 nos
609 1687 806 1725 mutuum
828 1700 919 1726 esse
941 1685 1206 1740 intellegam,
1232 1684 1468 1739 plurimum
1490 1684 1691 1738 tribuam,
1719 1687 1811 1725 tum
1831 1684 1882 1725 de
1910 1697 2078 1725 summo
2098 1699 2132 1724 20

378 1756 548 1810 ingenio
583 1759 624 1797 et
657 1756 706 1797 de
739 1756 895 1797 studiis
930 1755 1015 1797 tuis
1049 1756 1226 1810 optimis
1259 1759 1302 1796 et
1335 1756 1384 1796 de
1418 1770 1492 1809 spe
1525 1755 1816 1809 amplissimae
1852 1753 2078 1811 dignitatis

378 1826 439 1867 ita
470 1826 668 1881 iudicare,
701 1830 748 1867 ut
779 1827 995 1869 neminem
1027 1827 1109 1868 tibi
1142 1830 1415 1881 anteponam,
1449 1841 1694 1880 comparem
1726 1841 1898 1881 paucos.

680 2013 683 2016 .
1056 1981 1214 2024 XVIII.
1262 1979 1400 2038 (227.)

674 2076 886 2119 CICERO
922 2076 961 2119 8.
998 2077 1047 2119 D.
1081 2075 1424 2119 CORNIFICIO
1460 2073 1784 2118 OOLLEGAE.

498 2171 619 2221 Quod
653 2175 890 2214 extremum
923 2172 1006 2213 fuit
1038 2173 1082 2213 in
1115 2187 1165 2214 ea
1197 2172 1394 2226 epistula,
1429 2186 1558 2225 quam
1585 2186 1609 2212 a
1635 2174 1677 2213 te
1703 2171 1899 2226 proxime
1926 2170 2083 2225 accepi,
2101 2185 2135 2211 25

383 2243 433 2283 ad
465 2243 507 2283 id
540 2244 726 2297 primum
759 2244 1045 2299 respondebo,
1087 2244 1280 2285 animum
1313 2243 1481 2284 advorti
1515 2243 1628 2284 enim
1666 2242 1748 2284 hoc
1786 2257 1864 2284 vos
1902 2255 2082 2297 magnos

382 2317 572 2355 Oratores
611 2315 750 2357 facere
789 2307 1130 2369 nonnumquam:
1170 2314 1379 2369 epistulas
1417 2314 1602 2368 requiris
1642 2328 1776 2368 meas3
1817 2327 1898 2369 ego
1938 2315 2084 2354 autem

381 2400 632 2440 numquam,
676 2400 772 2427 cum
816 2387 921 2427 mihi
967 2386 1267 2427 denuntiatum
1306 2387 1421 2426 esset
1460 2399 1484 2425 a
1522 2385 1608 2426 tuis
1647 2385 1708 2426 ire
1748 2385 1954 2439 aliquem,
1997 2397 2085 2424 non

383 2456 487 2497 dedi.
545 2457 657 2510 quod
689 2457 795 2498 mihi
828 2457 974 2498 videor
1007 2471 1057 2497 ex
1084 2456 1170 2497 tuis
1198 2455 1357 2497 litteris
1385 2455 1650 2510 intellegere,
1682 2458 1724 2496 te
1750 2454 1860 2496 nihil
1887 2454 2101 2496 commis-'

385 2541 531 2568 surum
570 2542 660 2568 esse
700 2532 859 2569 temere
896 2542 974 2569 1100
1012 2531 1129 2581 ante,
1175 2542 1304 2581 quam
1350 2526 1524 2581 scisses,
1568 2541 1651 2580 quo
1695 2526 1780 2567 iste
1823 2525 1968 2567 nescio
2013 2523 2086 2579 qui
2106 2539 2140 2564 30

384 2596 595 2639 Caecilius
628 2598 789 2639 Bassus
823 2602 1082 2653 erumperet,
1125 2598 1355 2652 quicquam
1389 2596 1495 2639 certi
1528 2597 1886 2650 constituturum,
1924 2596 1967 2637 id
2006 2609 2086 2651 ego

502 2728 533 2759 2.
562 2725 748 2760 carnificio
776 2726 826 2760 H.
865 2731 896 2761 et
921 2728 972 2761 sic
995 2737 1104 2771 porro
1124 2728 1135 2771 ΙΙ
1156 2730 1187 2761 6,
1214 2725 1286 2760 tibi
1312 2727 1398 2760 sunt
1423 2726 1477 2770 M,
1506 2726 1592 2759 sunt
1616 2724 1688 2759 tibi
1716 2724 1796 2759 HD
1814 2725 1826 2768 ΙΙ
1852 2728 1884 2758 8.
1912 2724 1950 2758 et
1974 2723 2086 2758 hone-

386 2773 483 2804 stum
509 2772 597 2815 HD,
626 2773 868 2807 exhonestum
895 2774 943 2807 M
958 2775 968 2818 ΙΙ
998 2777 1028 2807 9.
1057 2785 1166 2808 curae
1193 2784 1272 2808 esse
1301 2772 1461 2808 Caesari.
1499 2784 1559 2807 me
1586 2772 1696 2818 scito]
1724 2782 1833 2806 curae
1860 2782 1939 2805 esse
1965 2781 2085 2805 caesa.

386 2830 442 2852 Ine
469 2819 541 2853 cito
568 2820 621 2863 M,
649 2831 757 2854 curae
785 2831 864 2854 esse
891 2820 1033 2854 caesari
1058 2821 1190 2855 merito
1218 2821 1298 2855 HD
1318 2822 1329 2865 ΙΙ
1350 2821 1439 2855 abes
1467 2821 1671 2855 Lambi'rms
1700 2821 1710 2864 ΙΙ
1737 2822 1790 2853 13.
1819 2829 1841 2852 a
1866 2817 2005 2852 iudicio
2032 2817 2087 2860 M,

388 2865 523 2900 iudicio
551 2866 630 2900 HD
650 2869 660 2911 ΙΙ
682 2871 734 2901 15.
765 2867 964 2912 suffragere
992 2869 1044 2911 M,
1073 2868 1277 2914 suffragare
1302 2868 1382 2902 HD
1401 2869 1412 2912 Η
1432 2871 1485 2902 16.
1513 2866 1708 2912 probabis]
1734 2864 1904 2911 probaris
1926 2865 2085 2899 Ernesti.

388 2915 432 2953 cf.
462 2913 494 2947 C.
519 2915 562 2947 1³.
589 2914 641 2948 11⁷.
664 2915 800 2949 Malle]-
828 2915 898 2950 Cic.
926 2927 981 2959 0)).
1009 2916 1052 2959 H,
1075 2920 1091 2948 1
1120 2917 1169 2950 ad
1190 2928 1227 2960 1).
1250 2920 1304 2959 71,
1327 2919 1344 2948 1
1367 2916 1377 2959 ΙΙ
1399 2918 1452 2949 17.
1482 2914 1546 2960 sit]
1574 2915 1632 2948 est
1663 2913 1873 2957 U'esenbe‘ry
1904 2913 1916 2955 ss
1948 2915 2002 2946 19.
2029 2921 2088 2946 me

389 2969 469 2991 cum
497 2960 612 2994 amori
640 2961 685 3004 D,
713 2973 769 2995 me
797 2973 879 2995 cum
906 2973 1029 2996 amore
1056 2963 1106 3005 H,
1134 2974 1279 2997 mecum
1304 2962 1398 2996 mori
1426 2962 1473 2995 M
1493 2963 1504 3006 Η
1530 2965 1584 2995 20.
1611 2959 1784 3003 intelligo
1811 2969 1831 2996 ς
1865 2960 1876 3003 ΙΙ
1906 2958 2087 3004 tribuam]

388 3005 548 3040 tribuere
575 3008 776 3043 Lambinus
795 3010 806 3051 ΙΙ
826 3013 880 3044 26.
906 3010 1110 3053 respondeo
1138 3011 1208 3055 ΗΙ]
1229 3010 1393 3044 animum
1420 3012 1508 3052 (-mo
1537 3008 1594 3052 H)
1621 3006 1766 3041 aduerti
1792 3005 1873 3040 HD
1892 3008 1903 3050 Ι]
1929 3017 1995 3040 vos
2021 3006 2087 3041 del.

390 3053 435 3132 511.
459 3052 556 3087 Gsma
585 3056 662 3097 (riv.
690 3057 728 3089 de·
753 3057 838 3098 silol.
866 3057 965 3091 class.
994 3056 1086 3090 XVI.
1118 3061 1219 3092 1888.
1242 3069 1280 3101 J).
1303 3059 1398 3100 302),
1424 3056 1567 3090 inimice
1593 3056 1604 3098 Ι]
1633 3058 1689 3088 28.
1717 3054 1830 3099 esset]
1858 3055 1915 3087 est
1948 3053 2087 3088 W'esen-

402 3111 471 3144 ,ιη-ς]
491 3102 500 3143 ss
521 3104 575 3133 30.
603 3101 713 3135 scires
743 3103 783 3135 H
