<?xml version="1.0" encoding="UTF-8"?>
<!DOCTYPE html PUBLIC "-//W3C//DTD XHTML 1.0 Transitional//EN"
    "http://www.w3.org/TR/xhtml1/DTD/xhtml1-transitional.dtd">
<html xmlns="http://www.w3.org/1999/xhtml" xml:lang="en" lang="en">
 <head>
  <title>
</title>
<meta http-equiv="Content-Type" content="text/html;charset=utf-8" />
  <meta name='ocr-system' content='tesseract 3.04.00' />
  <meta name='ocr-capabilities' content='ocr_page ocr_carea ocr_par ocr_line ocrx_word'/>
</head>
<body>
  <div class='ocr_page' id='page_1' title='image "./epistularumlibri00ciceuoft_0280.png"; bbox 0 0 2242 3496; ppageno 0'>
   <div class='ocr_carea' id='block_1_1' title="bbox 391 125 1485 177">
    <p class='ocr_par' dir='ltr' id='par_1_1' title="bbox 391 125 1485 177">
     <span class='ocr_line' id='line_1_1' title="bbox 391 125 1485 177; baseline -0.014 -1"><span class='ocrx_word' id='word_1_1' title='bbox 391 136 476 177; x_wconf 80' lang='grc'>240</span> <span class='ocrx_word' id='word_1_2' title='bbox 992 129 1042 164; x_wconf 91' lang='grc' dir='ltr'>Μ.</span> <span class='ocrx_word' id='word_1_3' title='bbox 1069 126 1209 162; x_wconf 88' lang='lat' dir='ltr'><strong>TVLLI</strong></span> <span class='ocrx_word' id='word_1_4' title='bbox 1235 125 1485 161; x_wconf 81' lang='lat' dir='ltr'>CICERONIS</span> 
     </span>
    </p>
   </div>
   <div class='ocr_carea' id='block_1_2' title="bbox 344 235 2084 571">
    <p class='ocr_par' dir='ltr' id='par_1_2' title="bbox 344 235 2084 571">
     <span class='ocr_line' id='line_1_2' title="bbox 344 235 2084 296; baseline -0.003 -13"><span class='ocrx_word' id='word_1_5' title='bbox 344 256 364 284; x_wconf 87' lang='grc'>4</span> <span class='ocrx_word' id='word_1_6' title='bbox 391 243 471 283; x_wconf 70' lang='lat' dir='ltr'>tibi</span> <span class='ocrx_word' id='word_1_7' title='bbox 521 240 785 296; x_wconf 71' lang='lat' dir='ltr'>praesertim.</span> <span class='ocrx_word' id='word_1_8' title='bbox 859 238 919 278; x_wconf 88' lang='lat' dir='ltr'>sic</span> <span class='ocrx_word' id='word_1_9' title='bbox 970 236 1104 291; x_wconf 72' lang='lat' dir='ltr'>igitur</span> <span class='ocrx_word' id='word_1_10' title='bbox 1148 235 1328 276; x_wconf 72' lang='lat' dir='ltr'>vivitur:</span> <span class='ocrx_word' id='word_1_11' title='bbox 1380 235 1536 277; x_wconf 72' lang='lat' dir='ltr'>cotidie</span> <span class='ocrx_word' id='word_1_12' title='bbox 1586 236 1749 291; x_wconf 89' lang='lat' dir='ltr'>aliquid</span> <span class='ocrx_word' id='word_1_13' title='bbox 1800 237 1959 292; x_wconf 66' lang='lat' dir='ltr'>legilzur</span> <span class='ocrx_word' id='word_1_14' title='bbox 2009 240 2084 279; x_wconf 73' lang='lat' dir='ltr'>aut</span> 
     </span>
     <span class='ocr_line' id='line_1_3' title="bbox 390 305 2082 365; baseline -0.003 -11"><span class='ocrx_word' id='word_1_15' title='bbox 390 313 610 365; x_wconf 74' lang='lat' dir='ltr'>scribitur3</span> <span class='ocrx_word' id='word_1_16' title='bbox 643 311 750 361; x_wconf 85' lang='lat' dir='ltr'>dein,</span> <span class='ocrx_word' id='word_1_17' title='bbox 783 322 834 348; x_wconf 86' lang='lat' dir='ltr'>ne</span> <span class='ocrx_word' id='word_1_18' title='bbox 869 306 1016 347; x_wconf 84' lang='lat' dir='ltr'>amicis</span> <span class='ocrx_word' id='word_1_19' title='bbox 1043 305 1151 346; x_wconf 85' lang='lat' dir='ltr'>nihil</span> <span class='ocrx_word' id='word_1_20' title='bbox 1179 305 1434 358; x_wconf 73' lang='lat' dir='ltr'>tribuamus,</span> <span class='ocrx_word' id='word_1_21' title='bbox 1467 306 1690 359; x_wconf 82' lang='lat' dir='ltr'>epulamur</span> <span class='ocrx_word' id='word_1_22' title='bbox 1716 321 1811 361; x_wconf 80' lang='lat' dir='ltr'>una,</span> <span class='ocrx_word' id='word_1_23' title='bbox 1843 322 1930 348; x_wconf 90' lang='lat' dir='ltr'>non</span> <span class='ocrx_word' id='word_1_24' title='bbox 1955 308 2082 349; x_wconf 87' lang='lat' dir='ltr'>modo</span> 
     </span>
     <span class='ocr_line' id='line_1_4' title="bbox 388 375 2084 433; baseline -0.002 -9"><span class='ocrx_word' id='word_1_25' title='bbox 388 398 473 424; x_wconf 88' lang='lat' dir='ltr'>non</span> <span class='ocrx_word' id='word_1_26' title='bbox 506 384 654 423; x_wconf 74' lang='lat' dir='ltr'>eontra</span> <span class='ocrx_word' id='word_1_27' title='bbox 687 380 840 433; x_wconf 78' lang='lat' dir='ltr'>legem,</span> <span class='ocrx_word' id='word_1_28' title='bbox 881 377 916 417; x_wconf 85' lang='lat' dir='ltr'>si</span> <span class='ocrx_word' id='word_1_29' title='bbox 949 376 1037 416; x_wconf 88' lang='lat' dir='ltr'>ulla</span> <span class='ocrx_word' id='word_1_30' title='bbox 1074 390 1188 417; x_wconf 87' lang='lat' dir='ltr'>nune</span> <span class='ocrx_word' id='word_1_31' title='bbox 1219 375 1289 417; x_wconf 82' lang='lat' dir='ltr'>lex</span> <span class='ocrx_word' id='word_1_32' title='bbox 1321 378 1404 430; x_wconf 71' lang='lat' dir='ltr'>est,</span> <span class='ocrx_word' id='word_1_33' title='bbox 1446 376 1519 417; x_wconf 88' lang='lat' dir='ltr'>sed</span> <span class='ocrx_word' id='word_1_34' title='bbox 1557 377 1688 418; x_wconf 72' lang='lat' dir='ltr'>etiam</span> <span class='ocrx_word' id='word_1_35' title='bbox 1719 377 1836 419; x_wconf 71' lang='lat' dir='ltr'>intra</span> <span class='ocrx_word' id='word_1_36' title='bbox 1867 378 2007 433; x_wconf 81' lang='lat' dir='ltr'>legem</span> <span class='ocrx_word' id='word_1_37' title='bbox 2040 381 2084 420; x_wconf 70' lang='lat' dir='ltr'>eb</span> 
     </span>
     <span class='ocr_line' id='line_1_5' title="bbox 388 446 2083 507; baseline -0.003 -13"><span class='ocrx_word' id='word_1_38' title='bbox 388 454 557 507; x_wconf 73' lang='lat' dir='ltr'>quidem</span> <span class='ocrx_word' id='word_1_39' title='bbox 598 450 835 502; x_wconf 72' lang='lat' dir='ltr'>aliquant03</span> <span class='ocrx_word' id='word_1_40' title='bbox 878 461 1008 501; x_wconf 88' lang='lat' dir='ltr'>quare</span> <span class='ocrx_word' id='word_1_41' title='bbox 1046 446 1155 487; x_wconf 86' lang='lat' dir='ltr'>nihil</span> <span class='ocrx_word' id='word_1_42' title='bbox 1195 449 1278 501; x_wconf 73' lang='lat' dir='ltr'>est,</span> <span class='ocrx_word' id='word_1_43' title='bbox 1319 447 1433 501; x_wconf 83' lang='lat' dir='ltr'>quod</span> <span class='ocrx_word' id='word_1_44' title='bbox 1473 447 1703 488; x_wconf 72' lang='lat' dir='ltr'>adventum</span> <span class='ocrx_word' id='word_1_45' title='bbox 1742 451 1939 490; x_wconf 72' lang='lat' dir='ltr'>nostrum</span> <span class='ocrx_word' id='word_1_46' title='bbox 1980 449 2083 490; x_wconf 71' lang='lat' dir='ltr'>exti-</span> 
     </span>
     <span class='ocr_line' id='line_1_6' title="bbox 388 516 1727 571; baseline -0.002 -8"><span class='ocrx_word' id='word_1_47' title='bbox 388 537 567 563; x_wconf 72' lang='lat' dir='ltr'>nwscas:</span> <span class='ocrx_word' id='word_1_48' title='bbox 601 535 684 560; x_wconf 83' lang='grc'>11011</span> <span class='ocrx_word' id='word_1_49' title='bbox 718 518 842 559; x_wconf 71' lang='lat' dir='ltr'>multi</span> <span class='ocrx_word' id='word_1_50' title='bbox 876 517 960 558; x_wconf 78' lang='lat' dir='ltr'>cibi</span> <span class='ocrx_word' id='word_1_51' title='bbox 994 516 1210 571; x_wconf 75' lang='lat' dir='ltr'>hospitem</span> <span class='ocrx_word' id='word_1_52' title='bbox 1244 517 1441 571; x_wconf 78' lang='lat' dir='ltr'>accipies,</span> <span class='ocrx_word' id='word_1_53' title='bbox 1474 518 1600 559; x_wconf 70' lang='lat' dir='ltr'>multi</span> <span class='ocrx_word' id='word_1_54' title='bbox 1633 519 1727 560; x_wconf 86' lang='lat' dir='ltr'><strong>ioci.</strong></span> 
     </span>
    </p>
   </div>
   <div class='ocr_carea' id='block_1_3' title="bbox 989 811 1479 1098">
    <p class='ocr_par' dir='ltr' id='par_1_3' title="bbox 989 811 1479 1098">
     <span class='ocr_line' id='line_1_7' title="bbox 1198 811 1269 865; baseline 0.014 -1"><span class='ocrx_word' id='word_1_55' title='bbox 1198 811 1269 865; x_wconf 89' lang='lat' dir='ltr'>X.</span> 
     </span>
     <span class='ocr_line' id='line_1_8' title="bbox 1127 953 1341 1012; baseline 0 -16"><span class='ocrx_word' id='word_1_56' title='bbox 1127 955 1159 996; x_wconf 89' lang='grc'>1.</span> <span class='ocrx_word' id='word_1_57' title='bbox 1203 953 1341 1012; x_wconf 78' lang='lat'><strong>(340.)</strong></span> 
     </span>
     <span class='ocr_line' id='line_1_9' title="bbox 989 1053 1479 1098; baseline 0.004 -2"><span class='ocrx_word' id='word_1_58' title='bbox 989 1053 1202 1097; x_wconf 76' lang='lat' dir='ltr'>CICERO</span> <span class='ocrx_word' id='word_1_59' title='bbox 1235 1054 1479 1098; x_wconf 74' lang='lat' dir='ltr'><strong>PLANCO.</strong></span> 
     </span>
    </p>
   </div>
   <div class='ocr_carea' id='block_1_4' title="bbox 341 1155 2086 1211">
    <p class='ocr_par' dir='ltr' id='par_1_4' title="bbox 341 1155 2086 1211">
     <span class='ocr_line' id='line_1_10' title="bbox 341 1155 2086 1211; baseline -0.001 -10"><span class='ocrx_word' id='word_1_60' title='bbox 341 1172 355 1201; x_wconf 92' lang='lat'><strong>1</strong></span> <span class='ocrx_word' id='word_1_61' title='bbox 502 1158 560 1199; x_wconf 70' lang='lat' dir='ltr'>Et</span> <span class='ocrx_word' id='word_1_62' title='bbox 593 1156 680 1198; x_wconf 82' lang='lat' dir='ltr'>afui</span> <span class='ocrx_word' id='word_1_63' title='bbox 712 1156 991 1211; x_wconf 85' lang='lat' dir='ltr'>proficiscens</span> <span class='ocrx_word' id='word_1_64' title='bbox 1023 1156 1068 1197; x_wconf 89' lang='grc'>111</span> <span class='ocrx_word' id='word_1_65' title='bbox 1096 1155 1320 1198; x_wconf 80' lang='lat' dir='ltr'>Graeciam</span> <span class='ocrx_word' id='word_1_66' title='bbox 1349 1159 1391 1198; x_wconf 69' lang='lat' dir='ltr'>eb</span> <span class='ocrx_word' id='word_1_67' title='bbox 1416 1159 1568 1211; x_wconf 72' lang='lat' dir='ltr'>postea</span> <span class='ocrx_word' id='word_1_68' title='bbox 1605 1172 1734 1211; x_wconf 84' lang='lat' dir='ltr'>quam</span> <span class='ocrx_word' id='word_1_69' title='bbox 1760 1157 1809 1198; x_wconf 88' lang='lat' dir='ltr'>de</span> <span class='ocrx_word' id='word_1_70' title='bbox 1836 1172 1931 1199; x_wconf 93' lang='lat' dir='ltr'>meo</span> <span class='ocrx_word' id='word_1_71' title='bbox 1959 1172 2086 1199; x_wconf 86' lang='lat' dir='ltr'>cursu</span> 
     </span>
    </p>
   </div>
   <div class='ocr_carea' id='block_1_5' title="bbox 387 1227 2088 1283">
    <p class='ocr_par' dir='ltr' id='par_1_5' title="bbox 387 1227 2088 1283">
     <span class='ocr_line' id='line_1_11' title="bbox 387 1227 2088 1283; baseline -0.002 -12"><span class='ocrx_word' id='word_1_72' title='bbox 387 1230 446 1271; x_wconf 84' lang='lat' dir='ltr'>rei</span> <span class='ocrx_word' id='word_1_73' title='bbox 478 1245 518 1283; x_wconf 87' lang='lat' dir='ltr'>p.</span> <span class='ocrx_word' id='word_1_74' title='bbox 552 1243 647 1270; x_wconf 91' lang='lat' dir='ltr'>sum</span> <span class='ocrx_word' id='word_1_75' title='bbox 680 1242 782 1269; x_wconf 85' lang='lat' dir='ltr'>voce</span> <span class='ocrx_word' id='word_1_76' title='bbox 815 1230 1053 1281; x_wconf 72' lang='lat' dir='ltr'>revocatus,</span> <span class='ocrx_word' id='word_1_77' title='bbox 1086 1242 1322 1282; x_wconf 84' lang='lat' dir='ltr'>numquam</span> <span class='ocrx_word' id='word_1_78' title='bbox 1347 1242 1425 1282; x_wconf 84' lang='lat' dir='ltr'>per</span> <span class='ocrx_word' id='word_1_79' title='bbox 1451 1227 1507 1268; x_wconf 89' lang='lat' dir='ltr'>M.</span> <span class='ocrx_word' id='word_1_80' title='bbox 1536 1228 1775 1269; x_wconf 73' lang='lat' dir='ltr'>Antonium</span> <span class='ocrx_word' id='word_1_81' title='bbox 1809 1229 1980 1282; x_wconf 69' lang='lat' dir='ltr'>quietus</span> <span class='ocrx_word' id='word_1_82' title='bbox 2012 1228 2088 1283; x_wconf 79' lang='lat' dir='ltr'>fui,</span> 
     </span>
    </p>
   </div>
   <div class='ocr_carea' id='block_1_6' title="bbox 384 1298 2085 1354">
    <p class='ocr_par' dir='ltr' id='par_1_6' title="bbox 384 1298 2085 1354">
     <span class='ocr_line' id='line_1_12' title="bbox 384 1298 2085 1354; baseline -0.001 -12"><span class='ocrx_word' id='word_1_83' title='bbox 384 1301 502 1342; x_wconf 87' lang='grc'>0111113</span> <span class='ocrx_word' id='word_1_84' title='bbox 536 1302 659 1341; x_wconf 61' lang='lat' dir='ltr'>fianta</span> <span class='ocrx_word' id='word_1_85' title='bbox 691 1302 774 1353; x_wconf 66' lang='lat' dir='ltr'>est,</span> <span class='ocrx_word' id='word_1_86' title='bbox 811 1313 898 1340; x_wconf 88' lang='lat' dir='ltr'>non</span> <span class='ocrx_word' id='word_1_87' title='bbox 930 1298 1163 1339; x_wconf 69' lang='lat' dir='ltr'>insolentia</span> <span class='ocrx_word' id='word_1_88' title='bbox 1196 1323 1249 1327; x_wconf 77' lang='lat'>——</span> <span class='ocrx_word' id='word_1_89' title='bbox 1282 1313 1383 1340; x_wconf 89' lang='lat' dir='ltr'>nam</span> <span class='ocrx_word' id='word_1_90' title='bbox 1421 1299 1463 1339; x_wconf 89' lang='lat' dir='ltr'>id</span> <span class='ocrx_word' id='word_1_91' title='bbox 1503 1298 1675 1353; x_wconf 90' lang='lat' dir='ltr'>quidem</span> <span class='ocrx_word' id='word_1_92' title='bbox 1716 1299 1890 1354; x_wconf 85' lang='lat' dir='ltr'>vulgare</span> <span class='ocrx_word' id='word_1_93' title='bbox 1929 1299 2085 1341; x_wconf 74' lang='lat' dir='ltr'>vitium</span> 
     </span>
    </p>
   </div>
   <div class='ocr_carea' id='block_1_7' title="bbox 570 1386 664 1390">
    <p class='ocr_par' dir='ltr' id='par_1_7' title="bbox 570 1386 664 1390">
     <span class='ocr_line' id='line_1_13' title="bbox 570 1386 664 1390; baseline 0 0"><span class='ocrx_word' id='word_1_94' title='bbox 570 1386 664 1390; x_wconf 95' lang='lat' dir='ltr'> </span> 
     </span>
    </p>
   </div>
   <div class='ocr_carea' id='block_1_8' title="bbox 299 1426 2087 3126">
    <p class='ocr_par' dir='ltr' id='par_1_8' title="bbox 299 1426 2087 3126">
     <span class='ocr_line' id='line_1_14' title="bbox 382 1426 2087 1473; baseline -0.001 -9"><span class='ocrx_word' id='word_1_95' title='bbox 382 1430 485 1464; x_wconf 76' lang='lat' dir='ltr'>credo</span> <span class='ocrx_word' id='word_1_96' title='bbox 516 1430 548 1463; x_wconf 75' lang='lat' dir='ltr'>sz&#39;</span> <span class='ocrx_word' id='word_1_97' title='bbox 580 1429 661 1473; x_wconf 72' lang='lat' dir='ltr'>quis</span> <span class='ocrx_word' id='word_1_98' title='bbox 691 1428 848 1462; x_wconf 68' lang='lat' dir='ltr'>scribat:</span> <span class='ocrx_word' id='word_1_99' title='bbox 888 1428 927 1461; x_wconf 71' lang='lat' dir='ltr'>at</span> <span class='ocrx_word' id='word_1_100' title='bbox 958 1426 1107 1461; x_wconf 83' lang='lat' dir='ltr'>hercule</span> <span class='ocrx_word' id='word_1_101' title='bbox 1140 1426 1296 1471; x_wconf 79' lang='grc' dir='ltr'><em>γύναιον</em></span> <span class='ocrx_word' id='word_1_102' title='bbox 1329 1426 1417 1471; x_wconf 88' lang='lat' dir='ltr'>quid</span> <span class='ocrx_word' id='word_1_103' title='bbox 1452 1427 1500 1461; x_wconf 85' lang='lat' dir='ltr'>ad</span> <span class='ocrx_word' id='word_1_104' title='bbox 1530 1428 1584 1471; x_wconf 73' lang='lat' dir='ltr'>te,</span> <span class='ocrx_word' id='word_1_105' title='bbox 1617 1426 1671 1461; x_wconf 89' lang='lat' dir='ltr'>ibi</span> <span class='ocrx_word' id='word_1_106' title='bbox 1703 1427 1963 1472; x_wconf 72' lang='lat' dir='ltr'>praesertim?,</span> <span class='ocrx_word' id='word_1_107' title='bbox 2001 1439 2087 1463; x_wconf 68' lang='lat' dir='ltr'>ozam</span> 
     </span>
     <span class='ocr_line' id='line_1_15' title="bbox 383 1474 2087 1520; baseline -0.001 -9"><span class='ocrx_word' id='word_1_108' title='bbox 383 1477 573 1520; x_wconf 66' lang='lat' dir='ltr'>(Iz&#39;splessceut.</span> <span class='ocrx_word' id='word_1_109' title='bbox 599 1480 631 1510; x_wconf 77' lang='lat' dir='ltr'>et</span> <span class='ocrx_word' id='word_1_110' title='bbox 658 1476 697 1509; x_wconf 67' lang='lat' dir='ltr'>ab</span> <span class='ocrx_word' id='word_1_111' title='bbox 721 1474 869 1508; x_wconf 87' lang='lat' dir='ltr'>hercule</span> <span class='ocrx_word' id='word_1_112' title='bbox 895 1475 1159 1520; x_wconf 62' lang='lat' dir='ltr'>interroyativa</span> <span class='ocrx_word' id='word_1_113' title='bbox 1184 1478 1216 1509; x_wconf 78' lang='lat' dir='ltr'>et</span> <span class='ocrx_word' id='word_1_114' title='bbox 1240 1474 1294 1509; x_wconf 86' lang='lat' dir='ltr'>ibi</span> <span class='ocrx_word' id='word_1_115' title='bbox 1322 1486 1392 1519; x_wconf 71' lang='lat' dir='ltr'>pro</span> <span class='ocrx_word' id='word_1_116' title='bbox 1418 1474 1497 1508; x_wconf 86' lang='lat' dir='ltr'>illic</span> <span class='ocrx_word' id='word_1_117' title='bbox 1517 1476 1688 1519; x_wconf 72' lang='lat' dir='ltr'><strong>positmn.</strong></span> <span class='ocrx_word' id='word_1_118' title='bbox 1734 1480 1954 1520; x_wconf 72' lang='lat' dir='ltr'>quapropter</span> <span class='ocrx_word' id='word_1_119' title='bbox 1978 1476 2087 1510; x_wconf 77' lang='lat' dir='ltr'>etiam</span> 
     </span>
     <span class='ocr_line' id='line_1_16' title="bbox 382 1521 2087 1568; baseline 0.001 -11"><span class='ocrx_word' id='word_1_120' title='bbox 382 1524 473 1568; x_wconf 83' lang='lat' dir='ltr'>quid</span> <span class='ocrx_word' id='word_1_121' title='bbox 499 1523 547 1557; x_wconf 84' lang='lat' dir='ltr'>ad</span> <span class='ocrx_word' id='word_1_122' title='bbox 573 1524 610 1557; x_wconf 72' lang='lat' dir='ltr'>te</span> <span class='ocrx_word' id='word_1_123' title='bbox 636 1523 751 1558; x_wconf 68' lang='lat' dir='ltr'>verbis</span> <span class='ocrx_word' id='word_1_124' title='bbox 780 1521 923 1556; x_wconf 76' lang='lat' dir='ltr'>Graeca</span> <span class='ocrx_word' id='word_1_125' title='bbox 944 1543 985 1546; x_wconf 75' lang='lat'>—</span> <span class='ocrx_word' id='word_1_126' title='bbox 1007 1533 1093 1556; x_wconf 71' lang='lat' dir='ltr'>nam</span> <span class='ocrx_word' id='word_1_127' title='bbox 1118 1522 1260 1556; x_wconf 68' lang='lat' dir='ltr'>Latina</span> <span class='ocrx_word' id='word_1_128' title='bbox 1284 1523 1427 1565; x_wconf 61' lang='lat' dir='ltr'>fnestra</span> <span class='ocrx_word' id='word_1_129' title='bbox 1452 1523 1614 1567; x_wconf 76' lang='lat' dir='ltr'>quaesivi</span> <span class='ocrx_word' id='word_1_130' title='bbox 1634 1544 1675 1547; x_wconf 84' lang='lat'><strong>—</strong></span> <span class='ocrx_word' id='word_1_131' title='bbox 1698 1524 1837 1558; x_wconf 81' lang='lat' dir='ltr'>subesse</span> <span class='ocrx_word' id='word_1_132' title='bbox 1862 1523 2087 1566; x_wconf 75' lang='lat' dir='ltr'>crediderim,</span> 
     </span>
     <span class='ocr_line' id='line_1_17' title="bbox 381 1568 2087 1615; baseline -0.001 -10"><span class='ocrx_word' id='word_1_133' title='bbox 381 1574 432 1605; x_wconf 71' lang='lat' dir='ltr'>sic</span> <span class='ocrx_word' id='word_1_134' title='bbox 463 1571 559 1614; x_wconf 69' lang='lat' dir='ltr'>fere:</span> <span class='ocrx_word' id='word_1_135' title='bbox 599 1571 639 1604; x_wconf 69' lang='lat' dir='ltr'>ab</span> <span class='ocrx_word' id='word_1_136' title='bbox 669 1569 818 1604; x_wconf 89' lang='lat' dir='ltr'>hercule</span> <span class='ocrx_word' id='word_1_137' title='bbox 851 1568 1008 1614; x_wconf 78' lang='grc' dir='ltr'><em>γύναιον</em></span> <span class='ocrx_word' id='word_1_138' title='bbox 1039 1568 1252 1613; x_wconf 79' lang='grc' dir='ltr'><em>προσκοπή,</em></span> <span class='ocrx_word' id='word_1_139' title='bbox 1291 1569 1360 1603; x_wconf 74' lang='lat' dir='ltr'>tibi</span> <span class='ocrx_word' id='word_1_140' title='bbox 1399 1569 1635 1614; x_wconf 62' lang='lat' dir='ltr'>praeserssim!</span> <span class='ocrx_word' id='word_1_141' title='bbox 1675 1574 1715 1605; x_wconf 77' lang='lat' dir='ltr'>tu</span> <span class='ocrx_word' id='word_1_142' title='bbox 1745 1571 1799 1605; x_wconf 75' lang='lat' dir='ltr'>vel</span> <span class='ocrx_word' id='word_1_143' title='bbox 1831 1571 2087 1615; x_wconf 71' lang='lat' dir='ltr'>philosophum</span> 
     </span>
     <span class='ocr_line' id='line_1_18' title="bbox 381 1618 2087 1662; baseline -0.001 -9"><span class='ocrx_word' id='word_1_144' title='bbox 381 1619 521 1653; x_wconf 67' lang='lat' dir='ltr'>derides</span> <span class='ocrx_word' id='word_1_145' title='bbox 546 1619 653 1662; x_wconf 71' lang='lat' dir='ltr'>idque</span> <span class='ocrx_word' id='word_1_146' title='bbox 679 1618 727 1652; x_wconf 80' lang='lat' dir='ltr'>ad</span> <span class='ocrx_word' id='word_1_147' title='bbox 751 1628 804 1651; x_wconf 79' lang='lat' dir='ltr'>me</span> <span class='ocrx_word' id='word_1_148' title='bbox 831 1618 1012 1661; x_wconf 69' lang='lat' dir='ltr'>pertinere</span> <span class='ocrx_word' id='word_1_149' title='bbox 1037 1627 1162 1662; x_wconf 69' lang='lat' dir='ltr'>myas,</span> <span class='ocrx_word' id='word_1_150' title='bbox 1196 1628 1257 1662; x_wconf 73' lang='lat'>690</span> <span class='ocrx_word' id='word_1_151' title='bbox 1282 1618 1315 1651; x_wconf 73' lang='lat' dir='ltr'>si</span> <span class='ocrx_word' id='word_1_152' title='bbox 1341 1618 1437 1652; x_wconf 80' lang='lat' dir='ltr'>brevi</span> <span class='ocrx_word' id='word_1_153' title='bbox 1462 1629 1543 1652; x_wconf 74' lang='lat' dir='ltr'>cum</span> <span class='ocrx_word' id='word_1_154' title='bbox 1568 1618 1795 1652; x_wconf 73' lang='lat' dir='ltr'>meretricula</span> <span class='ocrx_word' id='word_1_155' title='bbox 1820 1618 2087 1653; x_wconf 70' lang='lat' dir='ltr'>conversatione</span> 
     </span>
     <span class='ocr_line' id='line_1_19' title="bbox 380 1664 2078 1709; baseline -0.002 -8"><span class='ocrx_word' id='word_1_156' title='bbox 380 1671 475 1709; x_wconf 72' lang='lat' dir='ltr'><em>utor,</em></span> <span class='ocrx_word' id='word_1_157' title='bbox 501 1666 642 1708; x_wconf 71' lang='lat' dir='ltr'>offendo</span> <span class='ocrx_word' id='word_1_158' title='bbox 670 1685 711 1688; x_wconf 89' lang='lat'><strong>—</strong></span> <span class='ocrx_word' id='word_1_159' title='bbox 738 1669 770 1699; x_wconf 76' lang='lat' dir='ltr'>te</span> <span class='ocrx_word' id='word_1_160' title='bbox 791 1665 1017 1708; x_wconf 71' lang='lat' dir='ltr'>praesertim,</span> <span class='ocrx_word' id='word_1_161' title='bbox 1042 1664 1219 1698; x_wconf 72' lang='lat' dir='ltr'>hominem</span> <span class='ocrx_word' id='word_1_162' title='bbox 1244 1665 1484 1699; x_wconf 75' lang='lat' dir='ltr'>mulierosmn.</span> <span class='ocrx_word' id='word_1_163' title='bbox 1519 1665 1563 1708; x_wconf 79' lang='lat' dir='ltr'>cf.</span> <span class='ocrx_word' id='word_1_164' title='bbox 1592 1676 1677 1699; x_wconf 77' lang='lat' dir='ltr'>mm.</span> <span class='ocrx_word' id='word_1_165' title='bbox 1700 1665 1792 1708; x_wconf 63' lang='lat' dir='ltr'><strong>phil.</strong></span> <span class='ocrx_word' id='word_1_166' title='bbox 1816 1668 1903 1698; x_wconf 85' lang='lat'><strong>1891</strong></span> <span class='ocrx_word' id='word_1_167' title='bbox 1930 1676 1966 1709; x_wconf 83' lang='lat' dir='ltr'>p.</span> <span class='ocrx_word' id='word_1_168' title='bbox 1988 1667 2054 1698; x_wconf 87' lang='grc'>341</span> <span class='ocrx_word' id='word_1_169' title='bbox 2076 1665 2078 1690; x_wconf 60' lang='lat'>=&#39;</span> 
     </span>
     <span class='ocr_line' id='line_1_20' title="bbox 383 1710 2086 1757; baseline -0.001 -10"><span class='ocrx_word' id='word_1_170' title='bbox 383 1717 413 1747; x_wconf 91' lang='lat'>5.</span> <span class='ocrx_word' id='word_1_171' title='bbox 436 1712 607 1756; x_wconf 83' lang='lat' dir='ltr'>accipies,</span> <span class='ocrx_word' id='word_1_172' title='bbox 628 1711 749 1757; x_wconf 83' lang='lat' dir='ltr'>&lt;sed&gt;</span> <span class='ocrx_word' id='word_1_173' title='bbox 769 1712 849 1753; x_wconf 66' lang='lat' dir='ltr'>alii,</span> <span class='ocrx_word' id='word_1_174' title='bbox 875 1712 1056 1745; x_wconf 58' lang='lat' dir='ltr'>inutiliter</span> <span class='ocrx_word' id='word_1_175' title='bbox 1075 1712 1086 1755; x_wconf 86' lang='grc' dir='ltr'>ΙΙ</span> <span class='ocrx_word' id='word_1_176' title='bbox 1105 1710 1177 1745; x_wconf 85' lang='grc'>1001</span> <span class='ocrx_word' id='word_1_177' title='bbox 1197 1711 1247 1754; x_wconf 82' lang='lat' dir='ltr'>D,</span> <span class='ocrx_word' id='word_1_178' title='bbox 1275 1711 1347 1745; x_wconf 87' lang='lat' dir='ltr'>loci</span> <span class='ocrx_word' id='word_1_179' title='bbox 1362 1712 1453 1745; x_wconf 84' lang='lat' dir='ltr'>MH</span> <span class='ocrx_word' id='word_1_180' title='bbox 1467 1713 1478 1756; x_wconf 76' lang='grc' dir='ltr'>Η</span> <span class='ocrx_word' id='word_1_181' title='bbox 1496 1711 1579 1746; x_wconf 88' lang='lat' dir='ltr'>Ioci.</span> <span class='ocrx_word' id='word_1_182' title='bbox 1602 1712 1650 1747; x_wconf 90' lang='lat' dir='ltr'>M.</span> <span class='ocrx_word' id='word_1_183' title='bbox 1672 1711 1813 1746; x_wconf 86' lang='lat' dir='ltr'><strong>TVLLI</strong></span> <span class='ocrx_word' id='word_1_184' title='bbox 1833 1711 2086 1747; x_wconf 85' lang='lat' dir='ltr'>CICERONIS</span> 
     </span>
     <span class='ocr_line' id='line_1_21' title="bbox 382 1757 2086 1794; baseline -0.001 0"><span class='ocrx_word' id='word_1_185' title='bbox 382 1758 723 1794; x_wconf 90' lang='lat' dir='ltr'>EPISTVLARVM</span> <span class='ocrx_word' id='word_1_186' title='bbox 754 1758 820 1792; x_wconf 92' lang='lat' dir='ltr'>AD</span> <span class='ocrx_word' id='word_1_187' title='bbox 847 1757 1121 1792; x_wconf 80' lang='lat' dir='ltr'><strong>VARRONEM</strong></span> <span class='ocrx_word' id='word_1_188' title='bbox 1153 1758 1214 1792; x_wconf 89' lang='lat' dir='ltr'>ET</span> <span class='ocrx_word' id='word_1_189' title='bbox 1247 1758 1462 1793; x_wconf 79' lang='lat' dir='ltr'>CETEROS</span> <span class='ocrx_word' id='word_1_190' title='bbox 1488 1758 1640 1794; x_wconf 84' lang='lat' dir='ltr'>EXPLI.</span> <span class='ocrx_word' id='word_1_191' title='bbox 1667 1758 1757 1794; x_wconf 91' lang='lat' dir='ltr'>INC.</span> <span class='ocrx_word' id='word_1_192' title='bbox 1785 1758 1850 1793; x_wconf 93' lang='lat' dir='ltr'>AD</span> <span class='ocrx_word' id='word_1_193' title='bbox 1877 1759 1914 1794; x_wconf 94' lang='lat' dir='ltr'>L.</span> <span class='ocrx_word' id='word_1_194' title='bbox 1941 1758 2086 1793; x_wconf 93' lang='lat' dir='ltr'>PLAN-</span> 
     </span>
     <span class='ocr_line' id='line_1_22' title="bbox 299 1804 2087 1851; baseline 0 -10"><span class='ocrx_word' id='word_1_195' title='bbox 299 1804 306 1810; x_wconf 78' lang='grc'><strong><em>’</em></strong></span> <span class='ocrx_word' id='word_1_196' title='bbox 383 1807 483 1842; x_wconf 89' lang='lat' dir='ltr'>CVM</span> <span class='ocrx_word' id='word_1_197' title='bbox 509 1805 762 1840; x_wconf 81' lang='lat' dir='ltr'>FELICITER</span> <span class='ocrx_word' id='word_1_198' title='bbox 789 1806 836 1839; x_wconf 84' lang='lat' dir='ltr'>M</span> <span class='ocrx_word' id='word_1_199' title='bbox 857 1807 867 1849; x_wconf 84' lang='grc' dir='ltr'>Η</span> <span class='ocrx_word' id='word_1_200' title='bbox 897 1809 927 1840; x_wconf 85' lang='grc'>6.</span> <span class='ocrx_word' id='word_1_201' title='bbox 955 1805 1069 1840; x_wconf 74' lang='lat' dir='ltr'>Libro</span> <span class='ocrx_word' id='word_1_202' title='bbox 1096 1806 1229 1840; x_wconf 81' lang='lat' dir='ltr'>decimo</span> <span class='ocrx_word' id='word_1_203' title='bbox 1254 1807 1296 1840; x_wconf 73' lang='lat' dir='ltr'>in</span> <span class='ocrx_word' id='word_1_204' title='bbox 1321 1805 1370 1839; x_wconf 86' lang='lat' dir='ltr'>M</span> <span class='ocrx_word' id='word_1_205' title='bbox 1390 1827 1435 1830; x_wconf 96' lang='lat'><strong>—</strong></span> <span class='ocrx_word' id='word_1_206' title='bbox 1462 1806 1543 1840; x_wconf 89' lang='lat' dir='ltr'>HD</span> <span class='ocrx_word' id='word_1_207' title='bbox 1568 1811 1691 1841; x_wconf 71' lang='lat' dir='ltr'>carent</span> <span class='ocrx_word' id='word_1_208' title='bbox 1718 1828 1758 1831; x_wconf 97' lang='lat'><strong>—</strong></span> <span class='ocrx_word' id='word_1_209' title='bbox 1786 1807 1845 1841; x_wconf 83' lang='lat' dir='ltr'>hic</span> <span class='ocrx_word' id='word_1_210' title='bbox 1864 1808 2087 1851; x_wconf 65' lang='lat' dir='ltr'>praemisszffi</span> 
     </span>
     <span class='ocr_line' id='line_1_23' title="bbox 381 1851 2085 1898; baseline -0.002 -8"><span class='ocrx_word' id='word_1_211' title='bbox 381 1860 431 1890; x_wconf 76' lang='lat' dir='ltr'>est</span> <span class='ocrx_word' id='word_1_212' title='bbox 465 1855 600 1889; x_wconf 68' lang='lat' dir='ltr'>iozdec:</span> <span class='ocrx_word' id='word_1_213' title='bbox 640 1858 669 1887; x_wconf 95' lang='lat'>1.</span> <span class='ocrx_word' id='word_1_214' title='bbox 707 1852 876 1887; x_wconf 83' lang='lat' dir='ltr'>CICERO</span> <span class='ocrx_word' id='word_1_215' title='bbox 915 1851 1104 1887; x_wconf 89' lang='lat' dir='ltr'>PLANCO</span> <span class='ocrx_word' id='word_1_216' title='bbox 1127 1854 1131 1898; x_wconf 89' lang='grc' dir='ltr'>Ι</span> <span class='ocrx_word' id='word_1_217' title='bbox 1155 1852 1216 1886; x_wconf 89' lang='lat' dir='ltr'>ET</span> <span class='ocrx_word' id='word_1_218' title='bbox 1256 1853 1368 1887; x_wconf 86' lang='lat' dir='ltr'>AFVI</span> <span class='ocrx_word' id='word_1_219' title='bbox 1406 1852 1744 1888; x_wconf 84' lang='lat' dir='ltr'>PROFICISCENS</span> <span class='ocrx_word' id='word_1_220' title='bbox 1788 1855 1799 1897; x_wconf 87' lang='grc' dir='ltr'>ΙΙ</span> <span class='ocrx_word' id='word_1_221' title='bbox 1843 1857 1874 1889; x_wconf 84' lang='grc'>2.</span> <span class='ocrx_word' id='word_1_222' title='bbox 1915 1852 2085 1888; x_wconf 88' lang='lat' dir='ltr'>CICERO</span> 
     </span>
     <span class='ocr_line' id='line_1_24' title="bbox 381 1899 2087 1945; baseline -0.001 -9"><span class='ocrx_word' id='word_1_223' title='bbox 381 1901 570 1936; x_wconf 88' lang='lat' dir='ltr'>PLANCO</span> <span class='ocrx_word' id='word_1_224' title='bbox 599 1901 695 1935; x_wconf 92' lang='lat' dir='ltr'><strong>SAL.</strong></span> <span class='ocrx_word' id='word_1_225' title='bbox 720 1904 723 1943; x_wconf 71' lang='grc' dir='ltr'>Ι</span> <span class='ocrx_word' id='word_1_226' title='bbox 746 1900 890 1934; x_wconf 89' lang='lat' dir='ltr'>MEVM</span> <span class='ocrx_word' id='word_1_227' title='bbox 918 1899 1007 1933; x_wconf 88' lang='lat' dir='ltr'>STV</span> <span class='ocrx_word' id='word_1_228' title='bbox 1010 1899 1134 1934; x_wconf 86' lang='lat' dir='ltr'>DIVM</span> <span class='ocrx_word' id='word_1_229' title='bbox 1153 1901 1163 1943; x_wconf 86' lang='grc' dir='ltr'>ΙΙ</span> <span class='ocrx_word' id='word_1_230' title='bbox 1190 1904 1220 1935; x_wconf 98' lang='lat'>3.</span> <span class='ocrx_word' id='word_1_231' title='bbox 1250 1899 1420 1935; x_wconf 87' lang='lat' dir='ltr'>CICERO</span> <span class='ocrx_word' id='word_1_232' title='bbox 1447 1899 1635 1935; x_wconf 87' lang='lat' dir='ltr'>PLANCO</span> <span class='ocrx_word' id='word_1_233' title='bbox 1664 1900 1760 1935; x_wconf 86' lang='lat' dir='ltr'><strong>SAL.</strong></span> <span class='ocrx_word' id='word_1_234' title='bbox 1786 1904 1790 1945; x_wconf 76' lang='grc' dir='ltr'>Ι</span> <span class='ocrx_word' id='word_1_235' title='bbox 1813 1900 1915 1935; x_wconf 91' lang='lat' dir='ltr'>CVM</span> <span class='ocrx_word' id='word_1_236' title='bbox 1939 1900 2087 1936; x_wconf 92' lang='lat' dir='ltr'>IPSVM</span> 
     </span>
     <span class='ocr_line' id='line_1_25' title="bbox 381 1946 2085 1993; baseline 0 -10"><span class='ocrx_word' id='word_1_237' title='bbox 381 1948 604 1983; x_wconf 86' lang='lat' dir='ltr'>FVRNIVM</span> <span class='ocrx_word' id='word_1_238' title='bbox 635 1950 646 1992; x_wconf 84' lang='grc'>11</span> <span class='ocrx_word' id='word_1_239' title='bbox 678 1951 710 1981; x_wconf 97' lang='lat'>4.</span> <span class='ocrx_word' id='word_1_240' title='bbox 737 1946 955 1981; x_wconf 85' lang='lat' dir='ltr'>PLANCVS</span> <span class='ocrx_word' id='word_1_241' title='bbox 982 1946 1207 1981; x_wconf 89' lang='lat' dir='ltr'>CICERONI</span> <span class='ocrx_word' id='word_1_242' title='bbox 1230 1948 1234 1992; x_wconf 85' lang='grc'>1</span> <span class='ocrx_word' id='word_1_243' title='bbox 1259 1947 1534 1982; x_wconf 85' lang='lat' dir='ltr'>GRATISSIMI</span> <span class='ocrx_word' id='word_1_244' title='bbox 1570 1961 1583 1980; x_wconf 76' lang='grc'>1</span> <span class='ocrx_word' id='word_1_245' title='bbox 1621 1949 1700 1992; x_wconf 71' lang='lat' dir='ltr'><strong>(alt.</strong></span> <span class='ocrx_word' id='word_1_246' title='bbox 1728 1948 1744 1981; x_wconf 95' lang='lat' dir='ltr'>I</span> <span class='ocrx_word' id='word_1_247' title='bbox 1770 1959 1907 1993; x_wconf 75' lang='lat' dir='ltr'>quoque</span> <span class='ocrx_word' id='word_1_248' title='bbox 1933 1949 1975 1983; x_wconf 75' lang='lat' dir='ltr'>in</span> <span class='ocrx_word' id='word_1_249' title='bbox 1998 1949 2085 1992; x_wconf 77' lang='lat' dir='ltr'>ras)</span> 
     </span>
     <span class='ocr_line' id='line_1_26' title="bbox 379 1993 2086 2040; baseline 0 -10"><span class='ocrx_word' id='word_1_250' title='bbox 379 1996 488 2030; x_wconf 89' lang='lat' dir='ltr'>MIHI</span> <span class='ocrx_word' id='word_1_251' title='bbox 531 1997 542 2040; x_wconf 79' lang='grc' dir='ltr'>Η</span> <span class='ocrx_word' id='word_1_252' title='bbox 589 2000 619 2029; x_wconf 93' lang='lat'>5.</span> <span class='ocrx_word' id='word_1_253' title='bbox 661 1994 830 2029; x_wconf 85' lang='lat' dir='ltr'>CICERO</span> <span class='ocrx_word' id='word_1_254' title='bbox 874 1993 1063 2028; x_wconf 88' lang='lat' dir='ltr'>PLANCO</span> <span class='ocrx_word' id='word_1_255' title='bbox 1110 1994 1206 2029; x_wconf 93' lang='lat' dir='ltr'><strong>SAL.</strong></span> <span class='ocrx_word' id='word_1_256' title='bbox 1232 1995 1403 2038; x_wconf 80' lang='lat' dir='ltr'>1BINAS</span> <span class='ocrx_word' id='word_1_257' title='bbox 1441 1995 1473 2028; x_wconf 92' lang='lat' dir='ltr'><strong>A</strong></span> <span class='ocrx_word' id='word_1_258' title='bbox 1510 1995 1570 2028; x_wconf 88' lang='grc' dir='ltr'>ΤΕ</span> <span class='ocrx_word' id='word_1_259' title='bbox 1608 1994 1778 2030; x_wconf 89' lang='lat' dir='ltr'>ACCEPI</span> <span class='ocrx_word' id='word_1_260' title='bbox 1821 1995 2056 2030; x_wconf 90' lang='lat' dir='ltr'>LITTERAS</span> <span class='ocrx_word' id='word_1_261' title='bbox 2073 1995 2086 2040; x_wconf 84' lang='grc' dir='ltr'>ΙΙ</span> 
     </span>
     <span class='ocr_line' id='line_1_27' title="bbox 381 2040 2083 2089; baseline 0.001 -13"><span class='ocrx_word' id='word_1_262' title='bbox 381 2047 411 2078; x_wconf 98' lang='grc'><strong>6</strong></span> <span class='ocrx_word' id='word_1_263' title='bbox 454 2042 623 2078; x_wconf 90' lang='lat' dir='ltr'>CICERO</span> <span class='ocrx_word' id='word_1_264' title='bbox 661 2041 849 2076; x_wconf 88' lang='lat' dir='ltr'>PLANCO</span> <span class='ocrx_word' id='word_1_265' title='bbox 874 2043 878 2085; x_wconf 69' lang='lat' dir='ltr'>I</span> <span class='ocrx_word' id='word_1_266' title='bbox 902 2040 1030 2082; x_wconf 84' lang='lat' dir='ltr'>QVAE</span> <span class='ocrx_word' id='word_1_267' title='bbox 1069 2041 1286 2077; x_wconf 92' lang='lat' dir='ltr'>LOCVTVS</span> <span class='ocrx_word' id='word_1_268' title='bbox 1322 2042 1410 2077; x_wconf 92' lang='lat' dir='ltr'>EST</span> <span class='ocrx_word' id='word_1_269' title='bbox 1453 2044 1464 2086; x_wconf 77' lang='grc' dir='ltr'>ΙΙ</span> <span class='ocrx_word' id='word_1_270' title='bbox 1510 2046 1539 2077; x_wconf 89' lang='lat'>7.</span> <span class='ocrx_word' id='word_1_271' title='bbox 1574 2041 1793 2077; x_wconf 86' lang='lat' dir='ltr'>PLANCVS</span> <span class='ocrx_word' id='word_1_272' title='bbox 1832 2041 2083 2089; x_wconf 90' lang='lat' dir='ltr'>CICERONI&#39;</span> 
     </span>
     <span class='ocr_line' id='line_1_28' title="bbox 380 2064 2084 2133; baseline -0.001 -8"><span class='ocrx_word' id='word_1_273' title='bbox 380 2090 541 2125; x_wconf 89' lang='lat' dir='ltr'>PLVRA</span> <span class='ocrx_word' id='word_1_274' title='bbox 566 2090 661 2124; x_wconf 90' lang='lat' dir='ltr'>TIBI</span> <span class='ocrx_word' id='word_1_275' title='bbox 687 2089 750 2123; x_wconf 91' lang='lat' dir='ltr'>DE</span> <span class='ocrx_word' id='word_1_276' title='bbox 776 2089 889 2123; x_wconf 90' lang='lat' dir='ltr'>MEIS</span> <span class='ocrx_word' id='word_1_277' title='bbox 922 2090 933 2133; x_wconf 80' lang='grc' dir='ltr'>ΙΙ</span> <span class='ocrx_word' id='word_1_278' title='bbox 967 2092 998 2123; x_wconf 90' lang='grc'>8.</span> <span class='ocrx_word' id='word_1_279' title='bbox 1026 2087 1243 2124; x_wconf 89' lang='lat' dir='ltr'>PLANCVS</span> <span class='ocrx_word' id='word_1_280' title='bbox 1269 2089 1366 2124; x_wconf 91' lang='lat' dir='ltr'>IMP.</span> <span class='ocrx_word' id='word_1_281' title='bbox 1394 2089 1490 2124; x_wconf 90' lang='lat' dir='ltr'>COS</span> <span class='ocrx_word' id='word_1_282' title='bbox 1518 2089 1668 2124; x_wconf 84' lang='lat' dir='ltr'><strong>DESIG.</strong></span> <span class='ocrx_word' id='word_1_283' title='bbox 1698 2089 1731 2125; x_wconf 92' lang='lat' dir='ltr'>S</span> <span class='ocrx_word' id='word_1_284' title='bbox 1758 2089 1801 2125; x_wconf 90' lang='lat' dir='ltr'><strong>D.</strong></span> <span class='ocrx_word' id='word_1_285' title='bbox 1826 2089 1950 2133; x_wconf 77' lang='grc'>1008.</span> <span class='ocrx_word' id='word_1_286' title='bbox 1977 2089 2015 2124; x_wconf 94' lang='lat' dir='ltr'><strong>P.</strong></span> <span class='ocrx_word' id='word_1_287' title='bbox 2043 2064 2084 2125; x_wconf 89' lang='lat' dir='ltr'>R.</span> 
     </span>
     <span class='ocr_line' id='line_1_29' title="bbox 380 2135 2087 2183; baseline -0.001 -11"><span class='ocrx_word' id='word_1_288' title='bbox 380 2138 452 2172; x_wconf 92' lang='grc' dir='ltr'>ΤΒ.</span> <span class='ocrx_word' id='word_1_289' title='bbox 499 2138 567 2172; x_wconf 91' lang='lat' dir='ltr'>PL</span> <span class='ocrx_word' id='word_1_290' title='bbox 611 2139 622 2181; x_wconf 73' lang='grc' dir='ltr'>ΙΙ</span> <span class='ocrx_word' id='word_1_291' title='bbox 676 2140 705 2171; x_wconf 91' lang='grc'>9,</span> <span class='ocrx_word' id='word_1_292' title='bbox 746 2135 962 2170; x_wconf 89' lang='lat' dir='ltr'>PLANCVS</span> <span class='ocrx_word' id='word_1_293' title='bbox 1008 2135 1233 2171; x_wconf 89' lang='lat' dir='ltr'>CICERONI</span> <span class='ocrx_word' id='word_1_294' title='bbox 1278 2137 1375 2171; x_wconf 93' lang='lat' dir='ltr'><strong>SAL.</strong></span> <span class='ocrx_word' id='word_1_295' title='bbox 1400 2140 1403 2180; x_wconf 68' lang='grc' dir='ltr'>Ι</span> <span class='ocrx_word' id='word_1_296' title='bbox 1427 2136 1560 2170; x_wconf 91' lang='lat' dir='ltr'>NIHIL</span> <span class='ocrx_word' id='word_1_297' title='bbox 1603 2136 1672 2170; x_wconf 90' lang='lat' dir='ltr'>ME</span> <span class='ocrx_word' id='word_1_298' title='bbox 1718 2137 1815 2171; x_wconf 88' lang='lat' dir='ltr'>TIBI</span> <span class='ocrx_word' id='word_1_299' title='bbox 1857 2136 2055 2171; x_wconf 89' lang='lat' dir='ltr'>TEMERE</span> <span class='ocrx_word' id='word_1_300' title='bbox 2075 2138 2087 2183; x_wconf 75' lang='lat'>1¹</span> 
     </span>
     <span class='ocr_line' id='line_1_30' title="bbox 382 2183 2082 2231; baseline -0.001 -12"><span class='ocrx_word' id='word_1_301' title='bbox 382 2189 435 2220; x_wconf 90' lang='lat'>10.</span> <span class='ocrx_word' id='word_1_302' title='bbox 459 2184 628 2219; x_wconf 91' lang='lat' dir='ltr'>CICERO</span> <span class='ocrx_word' id='word_1_303' title='bbox 656 2183 843 2218; x_wconf 91' lang='lat' dir='ltr'>PLANCO</span> <span class='ocrx_word' id='word_1_304' title='bbox 868 2186 871 2225; x_wconf 89' lang='grc'>1</span> <span class='ocrx_word' id='word_1_305' title='bbox 894 2183 999 2217; x_wconf 90' lang='lat' dir='ltr'>ETSI</span> <span class='ocrx_word' id='word_1_306' title='bbox 1027 2183 1160 2218; x_wconf 90' lang='lat' dir='ltr'>SATIS</span> <span class='ocrx_word' id='word_1_307' title='bbox 1186 2183 1251 2217; x_wconf 82' lang='lat' dir='ltr'>EX</span> <span class='ocrx_word' id='word_1_308' title='bbox 1276 2183 1457 2218; x_wconf 90' lang='lat' dir='ltr'>FVRNIO</span> <span class='ocrx_word' id='word_1_309' title='bbox 1478 2185 1489 2229; x_wconf 79' lang='grc' dir='ltr'>Η</span> <span class='ocrx_word' id='word_1_310' title='bbox 1510 2188 1564 2219; x_wconf 92' lang='grc'>11.</span> <span class='ocrx_word' id='word_1_311' title='bbox 1585 2183 1803 2219; x_wconf 90' lang='lat' dir='ltr'>PLANCVS</span> <span class='ocrx_word' id='word_1_312' title='bbox 1831 2183 2056 2219; x_wconf 88' lang='lat' dir='ltr'>CICERONI</span> <span class='ocrx_word' id='word_1_313' title='bbox 2079 2186 2082 2231; x_wconf 86' lang='grc' dir='ltr'>Ι</span> 
     </span>
     <span class='ocr_line' id='line_1_31' title="bbox 380 2230 2084 2275; baseline -0.001 -9"><span class='ocrx_word' id='word_1_314' title='bbox 380 2231 676 2266; x_wconf 78' lang='lat' dir='ltr'>INMORTALIS</span> <span class='ocrx_word' id='word_1_315' title='bbox 714 2230 812 2265; x_wconf 85' lang='lat' dir='ltr'>AGO</span> <span class='ocrx_word' id='word_1_316' title='bbox 852 2230 948 2264; x_wconf 89' lang='lat' dir='ltr'>TIBI</span> <span class='ocrx_word' id='word_1_317' title='bbox 987 2230 1194 2265; x_wconf 83' lang='lat' dir='ltr'>GRATIAS</span> <span class='ocrx_word' id='word_1_318' title='bbox 1231 2233 1242 2275; x_wconf 84' lang='grc' dir='ltr'>ΙΙ</span> <span class='ocrx_word' id='word_1_319' title='bbox 1282 2235 1334 2265; x_wconf 95' lang='lat'>12.</span> <span class='ocrx_word' id='word_1_320' title='bbox 1369 2230 1541 2266; x_wconf 87' lang='lat' dir='ltr'>CICERO</span> <span class='ocrx_word' id='word_1_321' title='bbox 1579 2230 1768 2266; x_wconf 89' lang='lat' dir='ltr'>PLANCO</span> <span class='ocrx_word' id='word_1_322' title='bbox 1793 2234 1796 2274; x_wconf 89' lang='grc' dir='ltr'>Ι</span> <span class='ocrx_word' id='word_1_323' title='bbox 1818 2230 1925 2266; x_wconf 89' lang='lat' dir='ltr'>ETSI</span> <span class='ocrx_word' id='word_1_324' title='bbox 1962 2231 2084 2266; x_wconf 89' lang='lat' dir='ltr'>REIP.</span> 
     </span>
     <span class='ocr_line' id='line_1_32' title="bbox 380 2277 2084 2323; baseline -0.001 -9"><span class='ocrx_word' id='word_1_325' title='bbox 380 2279 535 2314; x_wconf 86' lang='lat' dir='ltr'>CAVSA</span> <span class='ocrx_word' id='word_1_326' title='bbox 554 2281 565 2323; x_wconf 74' lang='grc' dir='ltr'>Η</span> <span class='ocrx_word' id='word_1_327' title='bbox 586 2282 640 2313; x_wconf 87' lang='lat'>13.</span> <span class='ocrx_word' id='word_1_328' title='bbox 662 2277 832 2313; x_wconf 88' lang='lat' dir='ltr'>CICERO</span> <span class='ocrx_word' id='word_1_329' title='bbox 860 2277 1049 2312; x_wconf 89' lang='lat' dir='ltr'>PLANCO</span> <span class='ocrx_word' id='word_1_330' title='bbox 1074 2281 1077 2321; x_wconf 72' lang='grc' dir='ltr'>ί</span> <span class='ocrx_word' id='word_1_331' title='bbox 1100 2278 1164 2312; x_wconf 92' lang='lat' dir='ltr'>VT</span> <span class='ocrx_word' id='word_1_332' title='bbox 1189 2278 1383 2313; x_wconf 90' lang='lat' dir='ltr'>PRIMVM</span> <span class='ocrx_word' id='word_1_333' title='bbox 1409 2278 1519 2312; x_wconf 90' lang='lat' dir='ltr'>MIHI</span> <span class='ocrx_word' id='word_1_334' title='bbox 1543 2277 1787 2313; x_wconf 90' lang='lat' dir='ltr'>POTESTAS</span> <span class='ocrx_word' id='word_1_335' title='bbox 1807 2280 1818 2323; x_wconf 85' lang='grc' dir='ltr'>ΙΙ</span> <span class='ocrx_word' id='word_1_336' title='bbox 1839 2281 1892 2313; x_wconf 87' lang='lat'>14.</span> <span class='ocrx_word' id='word_1_337' title='bbox 1914 2277 2084 2314; x_wconf 88' lang='lat' dir='ltr'>CICERO</span> 
     </span>
     <span class='ocr_line' id='line_1_33' title="bbox 379 2325 2085 2371; baseline 0.001 -11"><span class='ocrx_word' id='word_1_338' title='bbox 379 2326 567 2361; x_wconf 89' lang='lat' dir='ltr'>PLANCO</span> <span class='ocrx_word' id='word_1_339' title='bbox 614 2326 710 2362; x_wconf 89' lang='lat' dir='ltr'><strong>SAL.</strong></span> <span class='ocrx_word' id='word_1_340' title='bbox 741 2327 745 2370; x_wconf 69' lang='lat' dir='ltr'>I</span> <span class='ocrx_word' id='word_1_341' title='bbox 776 2325 804 2360; x_wconf 93' lang='lat' dir='ltr'>O</span> <span class='ocrx_word' id='word_1_342' title='bbox 843 2325 1047 2359; x_wconf 84' lang='lat' dir='ltr'>GRATAM</span> <span class='ocrx_word' id='word_1_343' title='bbox 1091 2325 1267 2359; x_wconf 90' lang='lat' dir='ltr'>FAMAM</span> <span class='ocrx_word' id='word_1_344' title='bbox 1310 2328 1320 2371; x_wconf 80' lang='grc' dir='ltr'>ΙΙ</span> <span class='ocrx_word' id='word_1_345' title='bbox 1365 2330 1419 2361; x_wconf 86' lang='lat'>15.</span> <span class='ocrx_word' id='word_1_346' title='bbox 1458 2325 1675 2360; x_wconf 91' lang='lat' dir='ltr'>PLANCVS</span> <span class='ocrx_word' id='word_1_347' title='bbox 1721 2325 1946 2360; x_wconf 91' lang='lat' dir='ltr'>CICERONI</span> <span class='ocrx_word' id='word_1_348' title='bbox 1973 2328 1979 2369; x_wconf 83' lang='grc' dir='ltr'>Ι</span> <span class='ocrx_word' id='word_1_349' title='bbox 2006 2325 2085 2362; x_wconf 86' lang='lat' dir='ltr'>HIS</span> 
     </span>
     <span class='ocr_line' id='line_1_34' title="bbox 379 2372 2087 2419; baseline -0.001 -11"><span class='ocrx_word' id='word_1_350' title='bbox 379 2373 595 2408; x_wconf 90' lang='lat' dir='ltr'>LITTERIS</span> <span class='ocrx_word' id='word_1_351' title='bbox 635 2373 844 2408; x_wconf 89' lang='lat' dir='ltr'>SCRIPTIS</span> <span class='ocrx_word' id='word_1_352' title='bbox 888 2373 899 2417; x_wconf 73' lang='lat' dir='ltr'>ss</span> <span class='ocrx_word' id='word_1_353' title='bbox 944 2376 997 2408; x_wconf 88' lang='lat'>16.</span> <span class='ocrx_word' id='word_1_354' title='bbox 1039 2372 1208 2407; x_wconf 89' lang='lat' dir='ltr'>CICERO</span> <span class='ocrx_word' id='word_1_355' title='bbox 1250 2372 1440 2408; x_wconf 91' lang='lat' dir='ltr'>PLANCO</span> <span class='ocrx_word' id='word_1_356' title='bbox 1465 2377 1468 2417; x_wconf 84' lang='grc' dir='ltr'>Ι</span> <span class='ocrx_word' id='word_1_357' title='bbox 1491 2373 1626 2407; x_wconf 90' lang='lat' dir='ltr'>NIHIL</span> <span class='ocrx_word' id='word_1_358' title='bbox 1662 2372 1783 2408; x_wconf 90' lang='lat' dir='ltr'>POST</span> <span class='ocrx_word' id='word_1_359' title='bbox 1820 2372 2056 2407; x_wconf 87' lang='lat' dir='ltr'>HOMINVM</span> <span class='ocrx_word' id='word_1_360' title='bbox 2074 2373 2087 2419; x_wconf 83' lang='grc' dir='ltr'>Η</span> 
     </span>
     <span class='ocr_line' id='line_1_35' title="bbox 382 2419 2082 2468; baseline -0.001 -13"><span class='ocrx_word' id='word_1_361' title='bbox 382 2425 435 2457; x_wconf 91' lang='lat'>17.</span> <span class='ocrx_word' id='word_1_362' title='bbox 451 2420 668 2455; x_wconf 88' lang='lat' dir='ltr'>PLANCVS</span> <span class='ocrx_word' id='word_1_363' title='bbox 695 2419 920 2454; x_wconf 89' lang='lat' dir='ltr'>CICERONI</span> <span class='ocrx_word' id='word_1_364' title='bbox 942 2421 946 2464; x_wconf 82' lang='grc' dir='ltr'>Ι</span> <span class='ocrx_word' id='word_1_365' title='bbox 970 2419 1215 2454; x_wconf 89' lang='lat' dir='ltr'>ANTONIVS</span> <span class='ocrx_word' id='word_1_366' title='bbox 1235 2420 1346 2455; x_wconf 92' lang='lat' dir='ltr'>IDVS</span> <span class='ocrx_word' id='word_1_367' title='bbox 1365 2420 1464 2454; x_wconf 89' lang='lat' dir='ltr'>MAI.</span> <span class='ocrx_word' id='word_1_368' title='bbox 1486 2422 1497 2465; x_wconf 79' lang='grc' dir='ltr'>ΙΙ</span> <span class='ocrx_word' id='word_1_369' title='bbox 1519 2424 1573 2455; x_wconf 87' lang='grc'>18.</span> <span class='ocrx_word' id='word_1_370' title='bbox 1593 2419 1811 2455; x_wconf 87' lang='lat' dir='ltr'>PLANCVS</span> <span class='ocrx_word' id='word_1_371' title='bbox 1832 2419 2057 2455; x_wconf 89' lang='lat' dir='ltr'>CICERONI</span> <span class='ocrx_word' id='word_1_372' title='bbox 2078 2421 2082 2468; x_wconf 81' lang='grc' dir='ltr'>Ι</span> 
     </span>
     <span class='ocr_line' id='line_1_36' title="bbox 381 2466 2086 2512; baseline -0.001 -9"><span class='ocrx_word' id='word_1_373' title='bbox 381 2469 496 2510; x_wconf 71' lang='lat' dir='ltr'>QVID</span> <span class='ocrx_word' id='word_1_374' title='bbox 522 2468 574 2502; x_wconf 89' lang='lat' dir='ltr'>IN</span> <span class='ocrx_word' id='word_1_375' title='bbox 593 2466 750 2502; x_wconf 90' lang='lat' dir='ltr'>ANIMO</span> <span class='ocrx_word' id='word_1_376' title='bbox 777 2467 998 2501; x_wconf 91' lang='lat' dir='ltr'>HABERIM</span> <span class='ocrx_word' id='word_1_377' title='bbox 1018 2468 1128 2512; x_wconf 76' lang='lat' dir='ltr'>(sic)11</span> <span class='ocrx_word' id='word_1_378' title='bbox 1150 2471 1203 2502; x_wconf 85' lang='grc'>19.</span> <span class='ocrx_word' id='word_1_379' title='bbox 1231 2467 1400 2502; x_wconf 88' lang='lat' dir='ltr'>CICERO</span> <span class='ocrx_word' id='word_1_380' title='bbox 1427 2466 1615 2502; x_wconf 92' lang='lat' dir='ltr'>PLANCO</span> <span class='ocrx_word' id='word_1_381' title='bbox 1639 2469 1644 2512; x_wconf 80' lang='grc' dir='ltr'>Ι</span> <span class='ocrx_word' id='word_1_382' title='bbox 1667 2466 1945 2509; x_wconf 80' lang='lat' dir='ltr'>QVAMQVAM</span> <span class='ocrx_word' id='word_1_383' title='bbox 1971 2467 2086 2502; x_wconf 81' lang='lat' dir='ltr'>GRA-</span> 
     </span>
     <span class='ocr_line' id='line_1_37' title="bbox 380 2513 2085 2559; baseline 0.001 -10"><span class='ocrx_word' id='word_1_384' title='bbox 380 2515 568 2550; x_wconf 91' lang='lat' dir='ltr'>TIARVM</span> <span class='ocrx_word' id='word_1_385' title='bbox 611 2517 622 2559; x_wconf 81' lang='grc' dir='ltr'>Η</span> <span class='ocrx_word' id='word_1_386' title='bbox 666 2518 720 2548; x_wconf 85' lang='grc'>20.</span> <span class='ocrx_word' id='word_1_387' title='bbox 758 2514 928 2549; x_wconf 90' lang='lat' dir='ltr'>CICERO</span> <span class='ocrx_word' id='word_1_388' title='bbox 963 2514 1152 2549; x_wconf 85' lang='lat' dir='ltr'>PLANCO</span> <span class='ocrx_word' id='word_1_389' title='bbox 1177 2518 1180 2558; x_wconf 68' lang='lat'><strong>1</strong></span> <span class='ocrx_word' id='word_1_390' title='bbox 1203 2515 1283 2549; x_wconf 90' lang='lat' dir='ltr'>ITA</span> <span class='ocrx_word' id='word_1_391' title='bbox 1319 2515 1484 2549; x_wconf 90' lang='lat' dir='ltr'>ERANT</span> <span class='ocrx_word' id='word_1_392' title='bbox 1521 2514 1679 2549; x_wconf 89' lang='lat' dir='ltr'>OMNIA</span> <span class='ocrx_word' id='word_1_393' title='bbox 1721 2516 1732 2559; x_wconf 85' lang='grc' dir='ltr'>ΙΙ</span> <span class='ocrx_word' id='word_1_394' title='bbox 1776 2519 1832 2550; x_wconf 87' lang='lat'>21.</span> <span class='ocrx_word' id='word_1_395' title='bbox 1867 2513 2085 2550; x_wconf 90' lang='lat' dir='ltr'>PLANCVS</span> 
     </span>
     <span class='ocr_line' id='line_1_38' title="bbox 382 2561 2085 2605; baseline 0 -8"><span class='ocrx_word' id='word_1_396' title='bbox 382 2562 603 2598; x_wconf 83' lang='lat' dir='ltr'>CICERONI</span> <span class='ocrx_word' id='word_1_397' title='bbox 628 2564 632 2605; x_wconf 76' lang='grc' dir='ltr'>Ι</span> <span class='ocrx_word' id='word_1_398' title='bbox 654 2561 879 2596; x_wconf 89' lang='lat' dir='ltr'>PVDERET</span> <span class='ocrx_word' id='word_1_399' title='bbox 918 2561 986 2595; x_wconf 91' lang='lat' dir='ltr'>ME</span> <span class='ocrx_word' id='word_1_400' title='bbox 1024 2563 1035 2605; x_wconf 84' lang='grc'>11</span> <span class='ocrx_word' id='word_1_401' title='bbox 1074 2565 1129 2596; x_wconf 86' lang='grc'>22.</span> <span class='ocrx_word' id='word_1_402' title='bbox 1163 2561 1332 2596; x_wconf 87' lang='lat' dir='ltr'>CICERO</span> <span class='ocrx_word' id='word_1_403' title='bbox 1371 2561 1560 2597; x_wconf 92' lang='lat' dir='ltr'>PLANCO</span> <span class='ocrx_word' id='word_1_404' title='bbox 1584 2565 1588 2605; x_wconf 78' lang='grc'>1</span> <span class='ocrx_word' id='word_1_405' title='bbox 1611 2562 1663 2596; x_wconf 91' lang='lat' dir='ltr'>IN</span> <span class='ocrx_word' id='word_1_406' title='bbox 1700 2562 1760 2596; x_wconf 88' lang='lat' dir='ltr'>TE</span> <span class='ocrx_word' id='word_1_407' title='bbox 1795 2561 1858 2596; x_wconf 89' lang='lat' dir='ltr'>ET</span> <span class='ocrx_word' id='word_1_408' title='bbox 1893 2561 1946 2595; x_wconf 91' lang='lat' dir='ltr'>IN</span> <span class='ocrx_word' id='word_1_409' title='bbox 1979 2561 2085 2597; x_wconf 93' lang='lat' dir='ltr'>COL-</span> 
     </span>
     <span class='ocr_line' id='line_1_39' title="bbox 382 2608 2084 2655; baseline 0.001 -12"><span class='ocrx_word' id='word_1_410' title='bbox 382 2610 508 2644; x_wconf 84' lang='lat' dir='ltr'>LEGA</span> <span class='ocrx_word' id='word_1_411' title='bbox 526 2611 537 2655; x_wconf 73' lang='grc'>11</span> <span class='ocrx_word' id='word_1_412' title='bbox 557 2613 610 2644; x_wconf 85' lang='grc'>23.</span> <span class='ocrx_word' id='word_1_413' title='bbox 633 2608 849 2643; x_wconf 76' lang='lat' dir='ltr'>PLANCVS</span> <span class='ocrx_word' id='word_1_414' title='bbox 871 2608 1094 2643; x_wconf 85' lang='lat' dir='ltr'>CICERONI</span> <span class='ocrx_word' id='word_1_415' title='bbox 1118 2612 1121 2649; x_wconf 90' lang='grc' dir='ltr'>Ι</span> <span class='ocrx_word' id='word_1_416' title='bbox 1144 2608 1395 2651; x_wconf 82' lang='lat' dir='ltr'>NVMQVAM</span> <span class='ocrx_word' id='word_1_417' title='bbox 1417 2609 1740 2644; x_wconf 91' lang='lat' dir='ltr'>MEHERCVLES</span> <span class='ocrx_word' id='word_1_418' title='bbox 1759 2611 1771 2654; x_wconf 82' lang='grc' dir='ltr'>ΙΙ</span> <span class='ocrx_word' id='word_1_419' title='bbox 1791 2613 1846 2645; x_wconf 86' lang='grc'>24.</span> <span class='ocrx_word' id='word_1_420' title='bbox 1867 2608 2084 2644; x_wconf 91' lang='lat' dir='ltr'>PLANCVS</span> 
     </span>
     <span class='ocr_line' id='line_1_40' title="bbox 385 2655 2080 2701; baseline 0 -11"><span class='ocrx_word' id='word_1_421' title='bbox 385 2657 475 2691; x_wconf 89' lang='lat' dir='ltr'><strong>IMP.</strong></span> <span class='ocrx_word' id='word_1_422' title='bbox 505 2657 600 2692; x_wconf 92' lang='lat' dir='ltr'><strong>COS.</strong></span> <span class='ocrx_word' id='word_1_423' title='bbox 627 2656 777 2691; x_wconf 80' lang='lat' dir='ltr'><strong>DESIG.</strong></span> <span class='ocrx_word' id='word_1_424' title='bbox 802 2660 805 2698; x_wconf 71' lang='lat' dir='ltr'>I</span> <span class='ocrx_word' id='word_1_425' title='bbox 830 2655 862 2690; x_wconf 86' lang='lat' dir='ltr'>S.</span> <span class='ocrx_word' id='word_1_426' title='bbox 890 2656 931 2690; x_wconf 89' lang='lat' dir='ltr'>D.</span> <span class='ocrx_word' id='word_1_427' title='bbox 961 2655 1187 2690; x_wconf 82' lang='lat' dir='ltr'>CICERONI</span> <span class='ocrx_word' id='word_1_428' title='bbox 1212 2656 1400 2691; x_wconf 88' lang='lat' dir='ltr'>FACERE</span> <span class='ocrx_word' id='word_1_429' title='bbox 1420 2658 1431 2701; x_wconf 73' lang='grc' dir='ltr'>ΙΙ</span> <span class='ocrx_word' id='word_1_430' title='bbox 1460 2660 1514 2691; x_wconf 84' lang='grc'>25.</span> <span class='ocrx_word' id='word_1_431' title='bbox 1543 2655 1713 2691; x_wconf 90' lang='lat' dir='ltr'>CICERO</span> <span class='ocrx_word' id='word_1_432' title='bbox 1741 2656 1775 2691; x_wconf 92' lang='lat' dir='ltr'>S.</span> <span class='ocrx_word' id='word_1_433' title='bbox 1802 2657 1844 2691; x_wconf 93' lang='lat' dir='ltr'>D.</span> <span class='ocrx_word' id='word_1_434' title='bbox 1871 2655 2080 2691; x_wconf 89' lang='lat' dir='ltr'>FVRNIO</span> <span class='ocrx_word' id='word_1_435' title='bbox 2078 2658 2079 2668; x_wconf 66' lang='lat'>¹</span> 
     </span>
     <span class='ocr_line' id='line_1_41' title="bbox 383 2702 2083 2749; baseline -0.001 -11"><span class='ocrx_word' id='word_1_436' title='bbox 383 2705 423 2738; x_wconf 87' lang='lat' dir='ltr'>SI</span> <span class='ocrx_word' id='word_1_437' title='bbox 454 2703 694 2738; x_wconf 88' lang='lat' dir='ltr'>INTEREST</span> <span class='ocrx_word' id='word_1_438' title='bbox 733 2705 743 2747; x_wconf 81' lang='grc' dir='ltr'>Η</span> <span class='ocrx_word' id='word_1_439' title='bbox 782 2707 836 2738; x_wconf 85' lang='grc'>26</span> <span class='ocrx_word' id='word_1_440' title='bbox 869 2703 917 2738; x_wconf 92' lang='lat' dir='ltr'>M.</span> <span class='ocrx_word' id='word_1_441' title='bbox 945 2703 1170 2737; x_wconf 90' lang='lat' dir='ltr'>CICERONI</span> <span class='ocrx_word' id='word_1_442' title='bbox 1203 2705 1281 2749; x_wconf 73' lang='lat' dir='ltr'>(sic)</span> <span class='ocrx_word' id='word_1_443' title='bbox 1308 2704 1342 2738; x_wconf 91' lang='lat' dir='ltr'>S.</span> <span class='ocrx_word' id='word_1_444' title='bbox 1369 2703 1411 2738; x_wconf 93' lang='lat' dir='ltr'>D.</span> <span class='ocrx_word' id='word_1_445' title='bbox 1440 2704 1475 2738; x_wconf 95' lang='lat' dir='ltr'>C</span> <span class='ocrx_word' id='word_1_446' title='bbox 1503 2704 1600 2737; x_wconf 87' lang='lat' dir='ltr'>FVR</span> <span class='ocrx_word' id='word_1_447' title='bbox 1622 2705 1626 2747; x_wconf 67' lang='grc' dir='ltr'>ί</span> <span class='ocrx_word' id='word_1_448' title='bbox 1649 2703 1732 2738; x_wconf 88' lang='grc' dir='ltr'>ΝΙΟ</span> <span class='ocrx_word' id='word_1_449' title='bbox 1774 2702 1937 2738; x_wconf 85' lang='lat' dir='ltr'>LECTIS</span> <span class='ocrx_word' id='word_1_450' title='bbox 1975 2703 2083 2738; x_wconf 92' lang='lat' dir='ltr'>TVIS</span> 
     </span>
     <span class='ocr_line' id='line_1_42' title="bbox 383 2749 2083 2795; baseline 0 -11"><span class='ocrx_word' id='word_1_451' title='bbox 383 2751 598 2785; x_wconf 83' lang='grc' dir='ltr'>ΙΙΤΤΕΒΙ8</span> <span class='ocrx_word' id='word_1_452' title='bbox 648 2753 659 2795; x_wconf 77' lang='grc' dir='ltr'><strong>Η</strong></span> <span class='ocrx_word' id='word_1_453' title='bbox 708 2754 763 2785; x_wconf 87' lang='lat'>27.</span> <span class='ocrx_word' id='word_1_454' title='bbox 809 2749 979 2785; x_wconf 89' lang='lat' dir='ltr'>CICERO</span> <span class='ocrx_word' id='word_1_455' title='bbox 1024 2750 1196 2785; x_wconf 86' lang='lat' dir='ltr'>LEPIDO</span> <span class='ocrx_word' id='word_1_456' title='bbox 1243 2751 1340 2786; x_wconf 89' lang='lat' dir='ltr'><strong>SAL.</strong></span> <span class='ocrx_word' id='word_1_457' title='bbox 1374 2753 1377 2795; x_wconf 88' lang='grc' dir='ltr'>Ι</span> <span class='ocrx_word' id='word_1_458' title='bbox 1411 2750 1542 2792; x_wconf 83' lang='lat' dir='ltr'>QVOD</span> <span class='ocrx_word' id='word_1_459' title='bbox 1586 2751 1695 2784; x_wconf 92' lang='lat' dir='ltr'>MIHI</span> <span class='ocrx_word' id='word_1_460' title='bbox 1742 2749 1836 2784; x_wconf 92' lang='lat' dir='ltr'>PRO</span> <span class='ocrx_word' id='word_1_461' title='bbox 1882 2749 2083 2795; x_wconf 75' lang='lat' dir='ltr'>SVMMA}</span> 
     </span>
     <span class='ocr_line' id='line_1_43' title="bbox 384 2789 2083 2842; baseline 0 -10"><span class='ocrx_word' id='word_1_462' title='bbox 384 2803 437 2833; x_wconf 74' lang='grc'>28</span> <span class='ocrx_word' id='word_1_463' title='bbox 454 2798 622 2833; x_wconf 90' lang='lat' dir='ltr'>CICERO</span> <span class='ocrx_word' id='word_1_464' title='bbox 644 2797 888 2832; x_wconf 88' lang='lat' dir='ltr'>&#39;IREBONIO</span> <span class='ocrx_word' id='word_1_465' title='bbox 911 2797 1007 2831; x_wconf 93' lang='lat' dir='ltr'><strong>SAL.</strong></span> <span class='ocrx_word' id='word_1_466' title='bbox 1032 2799 1036 2841; x_wconf 70' lang='lat' dir='ltr'>l</span> <span class='ocrx_word' id='word_1_467' title='bbox 1060 2796 1339 2839; x_wconf 78' lang='lat' dir='ltr'>QVAMQVAM</span> <span class='ocrx_word' id='word_1_468' title='bbox 1356 2798 1552 2832; x_wconf 89' lang='lat' dir='ltr'>VELLEM</span> <span class='ocrx_word' id='word_1_469' title='bbox 1571 2798 1636 2832; x_wconf 94' lang='lat' dir='ltr'>AD</span> <span class='ocrx_word' id='word_1_470' title='bbox 1656 2797 1790 2832; x_wconf 92' lang='lat' dir='ltr'>ILLAS</span> <span class='ocrx_word' id='word_1_471' title='bbox 1804 2799 1821 2842; x_wconf 90' lang='grc' dir='ltr'>ΙΙ</span> <span class='ocrx_word' id='word_1_472' title='bbox 1840 2800 1896 2831; x_wconf 84' lang='grc'>29.</span> <span class='ocrx_word' id='word_1_473' title='bbox 1911 2789 2083 2832; x_wconf 90' lang='lat' dir='ltr'>CICERO</span> 
     </span>
     <span class='ocr_line' id='line_1_44' title="bbox 385 2843 2081 2891; baseline -0.001 -11.996"><span class='ocrx_word' id='word_1_474' title='bbox 385 2845 521 2879; x_wconf 86' lang='lat' dir='ltr'>APPIO</span> <span class='ocrx_word' id='word_1_475' title='bbox 556 2845 652 2880; x_wconf 89' lang='lat' dir='ltr'>SAL</span> <span class='ocrx_word' id='word_1_476' title='bbox 677 2845 766 2891; x_wconf 76' lang='lat' dir='ltr'>{DE</span> <span class='ocrx_word' id='word_1_477' title='bbox 798 2844 900 2878; x_wconf 90' lang='lat' dir='ltr'>MEO</span> <span class='ocrx_word' id='word_1_478' title='bbox 938 2844 1110 2879; x_wconf 92' lang='lat' dir='ltr'>STVDIO</span> <span class='ocrx_word' id='word_1_479' title='bbox 1143 2847 1247 2889; x_wconf 75' lang='lat' dir='ltr'><strong>[13.ss</strong></span> <span class='ocrx_word' id='word_1_480' title='bbox 1281 2845 1440 2880; x_wconf 80' lang='lat' dir='ltr'>GALBA</span> <span class='ocrx_word' id='word_1_481' title='bbox 1473 2844 1698 2880; x_wconf 89' lang='lat' dir='ltr'>CICERONI</span> <span class='ocrx_word' id='word_1_482' title='bbox 1730 2844 1827 2879; x_wconf 85' lang='lat' dir='ltr'><strong>SAL.</strong></span> <span class='ocrx_word' id='word_1_483' title='bbox 1851 2843 1942 2887; x_wconf 74' lang='lat' dir='ltr'>{AD</span> <span class='ocrx_word' id='word_1_484' title='bbox 1968 2844 2081 2880; x_wconf 87' lang='lat' dir='ltr'>XVII.</span> 
     </span>
     <span class='ocr_line' id='line_1_45' title="bbox 386 2890 2073 2936; baseline 0.001 -12"><span class='ocrx_word' id='word_1_485' title='bbox 386 2891 414 2924; x_wconf 86' lang='lat' dir='ltr'>K</span> <span class='ocrx_word' id='word_1_486' title='bbox 420 2893 488 2927; x_wconf 90' lang='lat' dir='ltr'>AL</span> <span class='ocrx_word' id='word_1_487' title='bbox 523 2893 622 2927; x_wconf 88' lang='grc' dir='ltr'>ΜΑΙ</span> <span class='ocrx_word' id='word_1_488' title='bbox 673 2894 684 2936; x_wconf 80' lang='grc' dir='ltr'>ΙΙ</span> <span class='ocrx_word' id='word_1_489' title='bbox 734 2896 789 2927; x_wconf 88' lang='lat'>31.</span> <span class='ocrx_word' id='word_1_490' title='bbox 823 2891 1038 2926; x_wconf 89' lang='lat' dir='ltr'>CASINIVS</span> <span class='ocrx_word' id='word_1_491' title='bbox 1083 2891 1224 2926; x_wconf 84' lang='lat' dir='ltr'>POLIO</span> <span class='ocrx_word' id='word_1_492' title='bbox 1261 2892 1486 2927; x_wconf 90' lang='lat' dir='ltr'>CICERONI</span> <span class='ocrx_word' id='word_1_493' title='bbox 1509 2895 1514 2935; x_wconf 71' lang='lat' dir='ltr'>I</span> <span class='ocrx_word' id='word_1_494' title='bbox 1537 2892 1570 2926; x_wconf 92' lang='lat' dir='ltr'>S</span> <span class='ocrx_word' id='word_1_495' title='bbox 1597 2891 1639 2926; x_wconf 95' lang='lat' dir='ltr'><strong>D</strong></span> <span class='ocrx_word' id='word_1_496' title='bbox 1672 2890 1851 2925; x_wconf 90' lang='lat' dir='ltr'>MINIME</span> <span class='ocrx_word' id='word_1_497' title='bbox 1889 2891 2073 2926; x_wconf 91' lang='lat' dir='ltr'>MIRVM</span> 
     </span>
     <span class='ocr_line' id='line_1_46' title="bbox 386 2937 2080 2983; baseline 0.001 -11.005"><span class='ocrx_word' id='word_1_498' title='bbox 386 2943 438 2972; x_wconf 83' lang='grc'>32.</span> <span class='ocrx_word' id='word_1_499' title='bbox 479 2939 693 2974; x_wconf 89' lang='lat' dir='ltr'>CASINIVS</span> <span class='ocrx_word' id='word_1_500' title='bbox 738 2938 878 2973; x_wconf 91' lang='lat' dir='ltr'>POLIO</span> <span class='ocrx_word' id='word_1_501' title='bbox 924 2938 1149 2972; x_wconf 90' lang='lat' dir='ltr'>CICERONI</span> <span class='ocrx_word' id='word_1_502' title='bbox 1177 2942 1180 2983; x_wconf 86' lang='grc' dir='ltr'>Ι</span> <span class='ocrx_word' id='word_1_503' title='bbox 1208 2939 1395 2974; x_wconf 88' lang='lat' dir='ltr'>BALBVS</span> <span class='ocrx_word' id='word_1_504' title='bbox 1440 2937 1696 2981; x_wconf 84' lang='lat' dir='ltr'>QVAESTOR</span> <span class='ocrx_word' id='word_1_505' title='bbox 1746 2939 1757 2982; x_wconf 84' lang='grc' dir='ltr'>ΙΙ</span> <span class='ocrx_word' id='word_1_506' title='bbox 1816 2941 1871 2972; x_wconf 88' lang='lat'>33.</span> <span class='ocrx_word' id='word_1_507' title='bbox 1909 2937 2080 2973; x_wconf 93' lang='lat' dir='ltr'>POLLIO</span> 
     </span>
     <span class='ocr_line' id='line_1_47' title="bbox 386 2985 2080 3030; baseline 0.001 -11"><span class='ocrx_word' id='word_1_508' title='bbox 386 2985 607 3020; x_wconf 78' lang='lat' dir='ltr'>CICERONI</span> <span class='ocrx_word' id='word_1_509' title='bbox 635 2986 731 3021; x_wconf 93' lang='lat' dir='ltr'><strong>SAL.</strong></span> <span class='ocrx_word' id='word_1_510' title='bbox 757 2990 760 3028; x_wconf 79' lang='grc' dir='ltr'>Ι</span> <span class='ocrx_word' id='word_1_511' title='bbox 783 2986 840 3019; x_wconf 90' lang='lat' dir='ltr'><strong>PL</strong></span> <span class='ocrx_word' id='word_1_512' title='bbox 841 2985 1048 3019; x_wconf 89' lang='lat' dir='ltr'>VRIMAM.</span> <span class='ocrx_word' id='word_1_513' title='bbox 1071 2985 1104 3020; x_wconf 91' lang='lat' dir='ltr'>S.</span> <span class='ocrx_word' id='word_1_514' title='bbox 1125 2986 1168 3021; x_wconf 92' lang='lat' dir='ltr'>V.</span> <span class='ocrx_word' id='word_1_515' title='bbox 1189 2987 1230 3021; x_wconf 92' lang='lat' dir='ltr'>B.</span> <span class='ocrx_word' id='word_1_516' title='bbox 1251 2987 1291 3021; x_wconf 91' lang='lat' dir='ltr'>E.</span> <span class='ocrx_word' id='word_1_517' title='bbox 1313 2987 1353 3022; x_wconf 87' lang='lat' dir='ltr'>E.</span> <span class='ocrx_word' id='word_1_518' title='bbox 1376 2986 1415 3028; x_wconf 82' lang='lat' dir='ltr'>Q.</span> <span class='ocrx_word' id='word_1_519' title='bbox 1430 2986 1473 3021; x_wconf 90' lang='lat' dir='ltr'>V.</span> <span class='ocrx_word' id='word_1_520' title='bbox 1495 2987 1506 3030; x_wconf 76' lang='grc' dir='ltr'>ΙΙ</span> <span class='ocrx_word' id='word_1_521' title='bbox 1526 2988 1581 3020; x_wconf 86' lang='lat'>34.</span> <span class='ocrx_word' id='word_1_522' title='bbox 1606 2985 1808 3019; x_wconf 91' lang='lat' dir='ltr'>LEPIDVS</span> <span class='ocrx_word' id='word_1_523' title='bbox 1834 2985 1930 3020; x_wconf 88' lang='lat' dir='ltr'>IMP.</span> <span class='ocrx_word' id='word_1_524' title='bbox 1957 2985 2080 3021; x_wconf 91' lang='lat' dir='ltr'>ITER.</span> 
     </span>
     <span class='ocr_line' id='line_1_48' title="bbox 385 3032 2077 3077; baseline 0.002 -12"><span class='ocrx_word' id='word_1_525' title='bbox 385 3032 625 3065; x_wconf 75' lang='lat' dir='ltr'>PON&#39;I‘IFEX</span> <span class='ocrx_word' id='word_1_526' title='bbox 648 3036 651 3075; x_wconf 82' lang='grc'>1</span> <span class='ocrx_word' id='word_1_527' title='bbox 674 3033 789 3068; x_wconf 78' lang='lat' dir='ltr'><strong>MAX.</strong></span> <span class='ocrx_word' id='word_1_528' title='bbox 817 3034 851 3067; x_wconf 94' lang='lat' dir='ltr'>S.</span> <span class='ocrx_word' id='word_1_529' title='bbox 878 3032 919 3067; x_wconf 95' lang='lat' dir='ltr'>D.</span> <span class='ocrx_word' id='word_1_530' title='bbox 946 3032 995 3067; x_wconf 85' lang='lat' dir='ltr'>M.</span> <span class='ocrx_word' id='word_1_531' title='bbox 1022 3032 1194 3067; x_wconf 86' lang='lat' dir='ltr'>TVLLIO</span> <span class='ocrx_word' id='word_1_532' title='bbox 1231 3033 1455 3068; x_wconf 84' lang='lat' dir='ltr'>CICERONI</span> <span class='ocrx_word' id='word_1_533' title='bbox 1497 3034 1508 3077; x_wconf 84' lang='grc' dir='ltr'>ΙΙ</span> <span class='ocrx_word' id='word_1_534' title='bbox 1551 3035 1607 3067; x_wconf 86' lang='lat'>35.</span> <span class='ocrx_word' id='word_1_535' title='bbox 1639 3032 1687 3067; x_wconf 94' lang='lat' dir='ltr'>M.</span> <span class='ocrx_word' id='word_1_536' title='bbox 1720 3032 1921 3066; x_wconf 84' lang='lat' dir='ltr'>LEPIDVS</span> <span class='ocrx_word' id='word_1_537' title='bbox 1953 3032 2049 3068; x_wconf 90' lang='lat' dir='ltr'><strong>IMP.</strong></span> <span class='ocrx_word' id='word_1_538' title='bbox 2074 3034 2077 3075; x_wconf 88' lang='grc' dir='ltr'>Ι</span> 
     </span>
     <span class='ocr_line' id='line_1_49' title="bbox 386 3078 2081 3126; baseline 0.002 -14"><span class='ocrx_word' id='word_1_539' title='bbox 386 3078 495 3112; x_wconf 84' lang='grc' dir='ltr'>ΙΤΕΒ</span> <span class='ocrx_word' id='word_1_540' title='bbox 523 3080 764 3113; x_wconf 79' lang='lat' dir='ltr'>I‘ONTIFEX</span> <span class='ocrx_word' id='word_1_541' title='bbox 790 3080 905 3114; x_wconf 81' lang='lat' dir='ltr'><strong>MAX.</strong></span> <span class='ocrx_word' id='word_1_542' title='bbox 926 3080 937 3123; x_wconf 77' lang='grc' dir='ltr'>Η</span> <span class='ocrx_word' id='word_1_543' title='bbox 958 3082 987 3113; x_wconf 91' lang='grc'>8.</span> <span class='ocrx_word' id='word_1_544' title='bbox 1017 3079 1093 3113; x_wconf 78' lang='lat' dir='ltr'>afui</span> <span class='ocrx_word' id='word_1_545' title='bbox 1114 3081 1168 3124; x_wconf 83' lang='lat' dir='ltr'>M,</span> <span class='ocrx_word' id='word_1_546' title='bbox 1197 3080 1285 3114; x_wconf 77' lang='lat' dir='ltr'>affui</span> <span class='ocrx_word' id='word_1_547' title='bbox 1306 3081 1415 3125; x_wconf 79' lang='lat' dir='ltr'>HDl,</span> <span class='ocrx_word' id='word_1_548' title='bbox 1442 3079 1546 3114; x_wconf 84' lang='lat' dir='ltr'>abfui</span> <span class='ocrx_word' id='word_1_549' title='bbox 1566 3078 1620 3113; x_wconf 73' lang='lat' dir='ltr'>D2</span> <span class='ocrx_word' id='word_1_550' title='bbox 1639 3081 1650 3125; x_wconf 81' lang='grc' dir='ltr'>ΙΙ</span> <span class='ocrx_word' id='word_1_551' title='bbox 1669 3080 1766 3126; x_wconf 81' lang='lat' dir='ltr'>meo]</span> <span class='ocrx_word' id='word_1_552' title='bbox 1794 3079 1917 3114; x_wconf 82' lang='lat' dir='ltr'>medio</span> <span class='ocrx_word' id='word_1_553' title='bbox 1939 3092 1970 3125; x_wconf 79' lang='grc' dir='ltr'>ς,</span> <span class='ocrx_word' id='word_1_554' title='bbox 1997 3081 2081 3118; x_wconf 72' lang='lat' dir='ltr'>bene</span> 
     </span>
    </p>
   </div>
  </div>
 </body>
</html>
