2242 3496
760 223 1097 261 EPISTVLAHVM
1127 228 1149 262 l.
1179 234 1208 263 9,
1779 234 1827 274 91

1779 263 1800 273 ι-

138 329 302 372 viribus
336 329 675 383 reciperavisset.
737 346 873 386 neque
912 349 1010 375 vcro
1049 350 1129 390 ego
1170 337 1273 377 inihi
1314 340 1463 391 postea
1497 339 1723 393 quicquain
1764 342 1831 382 ad-
1865 354 1902 383 17

137 399 302 454 sumpsi
338 415 474 455 neque
517 399 643 441 hodie
685 402 881 456 adsumo,
924 406 1035 458 quod
1078 420 1335 461 quemquam
1376 409 1830 452 malevolentissiinnin

136 471 227 513 iure
259 470 399 525 possit
432 470 662 512 offendero:
702 475 869 515 tantum
909 476 1065 530 enitor,
1104 480 1151 517 ut
1184 493 1318 532 neque
1352 478 1501 520 amicis
1536 494 1669 534 noque
1702 482 1829 522 otiam

136 541 415 584 alienioribus
455 556 604 595 opera,
643 543 840 597 consilio,
882 545 1027 587 labore
1066 548 1213 590 desim.
1274 549 1341 590 hie
1380 564 1498 591 meae
1537 551 1649 592 vitae
1682 566 1830 593 cursus

100 610 313 654 soffendit
343 625 416 653 eos
449 611 647 665 fortasse,
679 613 750 667 qui
785 615 1054 668 splendorem
1081 621 1124 658 et
1152 620 1335 672 speciem
1369 620 1495 662 huius
1522 621 1634 662 vitae
1667 622 1830 664 intuen-

135 685 225 736 tur,
256 681 592 724 sollicitudinem
625 686 769 724 autem
802 688 845 725 et
878 686 1069 728 laborem
1102 689 1340 742 perspicere
1372 706 1456 731 non
1490 695 1687 746 possunt3
1726 693 1830 734 illud

133 767 235 796 vero
267 768 353 795 non
386 753 566 795 obscure
599 757 847 808 queruntur,
880 755 923 796 in
956 757 1061 798 meis
1095 760 1332 813 sententiis,
1365 762 1519 814 quibus
1553 777 1700 803 ornem
1731 763 1831 805 Cae-

134 838 288 878 sarem,
319 823 442 879 quasi
475 823 710 865 desciscere
744 839 810 866 me
844 825 926 878 (a)
957 827 1141 880 pristina
1169 843 1305 870 causa.
1351 845 1430 885 ego
1458 835 1599 873 autem
1633 848 1728 874 cum
1756 834 1830 875 illa

134 909 308 950 sequor,
348 909 455 950 quae
495 894 624 949 paulo
664 897 763 936 ante
795 898 1021 952 proposui,
1058 901 1150 940 tum
1182 899 1263 941 hoc
1295 915 1379 941 non
1419 901 1460 942 in
1493 905 1740 958 postremis,
1779 905 1828 945 de

82 978 115 1004 ιο
134 979 220 1021 quo
259 979 485 1020 coeperam
529 979 762 1020 exponere:
806 981 892 1008 non
937 968 1123 1009 offendes
1168 970 1347 1011 eundem
1392 971 1601 1014 bonorum
1647 988 1830 1026 sensum,

131 1035 330 1091 Lentule,
370 1051 496 1091 quem
528 1036 762 1092 reliquisti,
796 1037 868 1092 qui
901 1038 1180 1081 confirmatus
1214 1041 1438 1082 consulatu
1471 1046 1637 1097 nostro,
1669 1045 1829 1098 <non->

131 1122 368 1162 numquam
400 1110 552 1162 postea
585 1107 875 1162 interruptus,
908 1108 1104 1150 adflictus
1138 1114 1236 1152 ante
1271 1115 1311 1153 te
1345 1113 1579 1166 consulem,
1612 1119 1828 1157 recreatus

131 1193 208 1234 aps
241 1181 284 1220 te
316 1181 436 1220 totus
475 1181 541 1220 est
578 1193 690 1220 nunc
723 1179 776 1220 ab
811 1179 890 1229 eis,
931 1193 955 1219 a
988 1180 1144 1233 quibus
1183 1182 1363 1223 tuendus
1398 1184 1552 1237 fuerat,
1590 1184 1829 1238 derelictus,

131 1249 259 1304 idque
303 1264 392 1292 non
437 1249 576 1291 solum
618 1247 762 1290 fronte
808 1252 936 1304 atque
982 1250 1118 1303 vultu,
1164 1251 1317 1305 quibus
1364 1253 1582 1294 simulatio
1626 1254 1827 1297 facillime

82 1333 113 1358 1⁵
134 1320 394 1374 sustinetur,
431 1320 653 1362 declarant
683 1319 758 1373 iei,
797 1320 871 1374 qui
908 1323 1000 1361 tum
1038 1323 1187 1363 nostro
1226 1322 1300 1363 illo
1341 1326 1455 1364 statu
1495 1324 1725 1378 optimates
1758 1342 1830 1368 no-

131 1389 422 1446 minabantur,
450 1391 523 1433 sed
549 1391 680 1432 etiam
708 1405 836 1432 sensu
862 1405 988 1445 saepe
1014 1391 1101 1433 iam
1128 1392 1371 1447 tabellaque
1398 1394 1650 1449 docuerunt,
1684 1397 1827 1451 itaque
1858 1409 1898 1439 18

130 1465 225 1505 tota
255 1462 343 1504 iam
375 1461 637 1517 sapientium
669 1461 846 1516 civium,
887 1462 1057 1516 qualem
1096 1477 1163 1504 me
1197 1466 1240 1504 et
1271 1478 1362 1505 esse
1396 1468 1438 1506 et
1468 1467 1685 1507 numerari
1719 1468 1828 1520 volo,

130 1536 174 1575 et
206 1533 423 1575 sententia
463 1535 506 1574 et
548 1532 750 1574 voluntas
788 1535 955 1573 mutata
993 1547 1084 1574 esse
1123 1534 1267 1588 debet,
1305 1535 1347 1575 id
1385 1535 1497 1576 enim
1536 1536 1654 1577 iubet
1693 1538 1827 1580 eidem

129 1604 203 1646 ille
231 1603 371 1659 Plato,
402 1603 555 1658 †quod
587 1617 668 1658 ego
700 1602 977 1644 vehementer
1010 1606 1312 1658 auctoremque
1347 1620 1405 1659 or,
1438 1604 1620 1647 ‘tantum
1659 1611 1828 1650 conten-

77 1688 112 1713 20
131 1675 229 1717 dere
261 1675 306 1716 in
337 1689 382 1716 re
414 1673 600 1728 publica,
632 1677 843 1728 quantum
869 1674 1050 1728 probare
1078 1674 1165 1716 tuis
1192 1675 1355 1717 civibus
1390 1677 1547 1731 possis3
1581 1677 1666 1718 vim
1692 1694 1827 1733 neque

129 1746 300 1801 parenti
326 1760 405 1788 1100
430 1745 596 1800 patriae
623 1744 789 1787 adferre
811 1745 1040 1799 oportere?
1078 1748 1205 1799 atque
1231 1746 1341 1788 hanc
1363 1747 1533 1800 quidem
1559 1747 1630 1789 illc
1657 1763 1826 1791 causam

130 1817 214 1859 sibi
247 1816 309 1858 ait
339 1831 428 1858 non
459 1816 735 1872 attingendae
769 1816 831 1858 rei
862 1816 1060 1870 publicae
1093 1816 1243 1871 fuisse,
1286 1818 1417 1871 quod,
1454 1832 1550 1859 cum
1583 1819 1827 1861 offendisset

128 1888 339 1943 populum
382 1886 693 1929 Atheniensem
744 1902 879 1942 prope
923 1887 1010 1928 iam
1054 1887 1336 1942 desipientem
1385 1892 1603 1930 senectute
1648 1904 1827 1945 cumque

131 1973 228 2000 eum
260 1973 339 2000 nec
370 1958 665 2013 persuadendo
698 1973 778 2000 nec
811 1958 1001 2013 cogendo
1034 1958 1126 2013 regi
1158 1973 1282 2012 posse
1314 1958 1503 2013 vidisset,
1536 1974 1631 2001 cum
1658 1975 1829 2014 persua-

249 2090 280 2122 1.
300 2085 587 2132 reciperauisset
607 2087 660 2130 M,
687 2085 849 2131 recipere
869 2085 1038 2121 licuisset
1052 2086 1096 2128 G,
1116 2085 1278 2130 recipere
1298 2087 1464 2120 curasset
1477 2086 1512 2121 R
1532 2087 1543 2130 ΙΙ
1563 2086 1765 2131 quidquam
1780 2089 1825 2123 R.

129 2135 256 2179 qualia
287 2135 447 2179 amplius
477 2145 551 2169 no‘n
576 2135 888 2176 memorabuntur,
924 2134 985 2168 sed
1016 2134 1121 2168 tacite
1152 2134 1200 2167 ad
1232 2133 1281 2167 M
1306 2134 1627 2175 conformabuntm·
1657 2136 1667 2177 ΙΙ
1699 2138 1729 2169 2.
1763 2135 1826 2169 ad-

128 2192 270 2216 summo
290 2181 340 2215 M
352 2182 364 2224 ΙΙ
382 2180 775 2216 maliuolentissimum
797 2181 868 2216 GR
890 2181 948 2225 (ef.
971 2181 1019 2215 ad
1036 2192 1072 2225 p.
1094 2184 1126 2222 8,
1147 2183 1205 2223 21)
1226 2182 1237 2223 ΙΙ
1259 2183 1287 2214 7.
1311 2179 1504 2214 sententiis
1524 2192 1567 2215 eac
1587 2181 1715 2215 sentiis
1737 2183 1802 2215 MC

127 2232 159 2264 8.
187 2227 391 2263 desciscere
417 2239 475 2263 me
501 2229 651 2272 Schultz,
677 2227 918 2263 desciscerem
944 2228 1036 2270 MG,
1063 2226 1242 2261 descisser
1303 2229 1403 2269 (nota
1433 2229 1749 2272 interpunctionis,
1790 2234 1826 2263 nt

130 2277 217 2319 vid„
242 2277 361 2320 erasa)
387 2275 426 2310 in
451 2276 488 2311 R
513 2278 525 2320 ΙΙ
551 2286 573 2310 0
598 2287 664 2311 om.
692 2277 726 2310 Ω
750 2276 762 2319 ΙΙ
788 2279 818 2310 9.
845 2274 972 2319 paullo
999 2285 1020 2312 ς
1045 2275 1056 2317 ΙΙ
1080 2276 1159 2308 tum
1191 2275 1260 2309 hoc
1286 2275 1344 2317 M,
1377 2275 1418 2307 tu
1443 2274 1481 2307 in
1507 2274 1575 2308 hoc
1603 2276 1653 2315 G,
1684 2277 1761 2309 tum
1789 2275 1826 2309 in

131 2322 201 2357 hoc
226 2323 263 2358 R
288 2325 300 2367 ΙΙ
333 2326 387 2358 10.
415 2322 579 2358 offendes
605 2324 650 2358 M
684 2324 780 2367 (-ens
806 2323 902 2367 111Γ),
938 2332 995 2356 -as
1023 2322 1094 2357 GR
1119 2324 1131 2364 ΙΙ
1164 2326 1216 2356 11,
1245 2324 1297 2355 12.
1327 2332 1600 2365 nonnumquam
1637 2322 1826 2363 Victorius,

129 2381 333 2415 numquam
352 2371 387 2404 Ω
405 2372 417 2415 ΙΙ
439 2375 491 2405 13.
514 2381 580 2415 aps
601 2371 656 2413 M,
683 2370 750 2404 abs
773 2370 844 2405 GR
866 2370 959 2413 (MT)
979 2372 990 2413 ΙΙ
1011 2369 1079 2414 eis]
1109 2368 1166 2402 his
1189 2370 1222 2402 ,Ω
1241 2370 1251 2410 ΙΙ
1276 2371 1326 2402 14.
1355 2367 1465 2411 idque
1490 2371 1572 2410 sort.
1601 2380 1644 2402 eas·
1670 2368 1706 2401 id
1727 2369 1824 2412 quod

128 2418 290 2453 radendo
310 2418 346 2453 R
366 2420 378 2462 ΙΙ
400 2421 452 2453 15.
480 2417 675 2453 declarant
699 2416 749 2451 iei
774 2418 916 2461 scripsi,
942 2415 1146 2451 declaranti
1173 2415 1206 2449 ei
1233 2416 1286 2457 M,
1314 2414 1505 2449 declarant
1530 2414 1557 2448 ii
1584 2415 1650 2453 ‹Jhii
1667 2417 1713 2459 G)
1730 2416 1800 2449 (r'R

130 2465 209 2499 tum
235 2464 330 2512 (in)
357 2466 483 2500 nostro
507 2466 717 2509 Wesenberg)
743 2466 754 2509 ΙΙ
788 2468 840 2498 16.
868 2464 993 2509 sensu]
1021 2462 1206 2497 sententia
1232 2463 1436 2496 Manutius.
1463 2466 1498 2495 ar
1526 2463 1570 2501 ef.
1600 2462 1712 2496 Klotz
1737 2464 1821 2505 (Cic.

129 2513 204 2557 ομ*
222 2512 283 2555 ΠΙ,
308 2517 322 2546 1
340 2523 380 2557 p.
395 2512 442 2556 V)
468 2517 501 2547 et
523 2513 665 2558 Tyrrell
690 2511 776 2556 (Cic.
797 2522 850 2555 ep.
872 2515 895 2545 t.
916 2511 949 2544 Π
963 2522 1001 2555 p.
1026 2512 1106 2553 174>
1127 2511 1137 2552 ΙΙ
1157 2509 1232 2543 iam
1257 2508 1469 2551 tabellaque
1486 2509 1576 2550 ΜΟ,
1602 2508 1745 2542 tabella
1764 2510 1799 2543 R

131 2562 184 2594 18.
211 2558 332 2594 eidem
358 2561 403 2603 Ω,
429 2559 529 2594 idem
556 2560 604 2593 M
608 2564 621 2580 r
640 2562 651 2603 ΙΙ
672 2563 726 2593 19.
754 2557 852 2602 quod
879 2568 908 2592 0.
936 2569 969 2592 11.
998 2558 1259 2600 auctoremque
1286 2557 1446 2590 ortatum
1474 2556 1527 2598 M,
1553 2560 1584 2588 et
1612 2557 1661 2590 ita
1689 2557 1770 2600 Ieyit
1791 2556 1826 2589 1²

127 2607 201 2641 nisi
225 2608 319 2652 quod
344 2617 416 2650 quo
442 2619 488 2642 ea:
513 2606 613 2651 quod
638 2618 681 2641 m.
713 2610 730 2639 1
759 2606 996 2650 eoepmzyemlo
1021 2605 1106 2647 feeit
1137 2605 1260 2647 (quem
1288 2614 1316 2638 c.
1345 2614 1377 2638 u.
1406 2604 1665 2645 auctoremque
1692 2613 1824 2646 sequor

127 2653 206 2696 (hoe
229 2665 302 2689 voc.
328 2655 370 2688 in
393 2666 461 2700 my.
488 2666 521 2688 (ι.
548 2665 592 2688 m.
619 2665 645 2688 s.
667 2653 747 2696 XV)
781 2653 967 2686 ortantum
996 2652 1091 2693 Illr'),
1130 2650 1227 2693 quod
1264 2660 1292 2684 c.
1327 2661 1359 2684 u.
1394 2651 1560 2693 optarem
1592 2650 1627 2683 te
1660 2650 1822 2682 ortatum

127 2699 332 2744 (hortatum
357 2701 408 2746 R)
437 2701 518 2737 GR.
559 2711 668 2745 quem
694 2710 762 2745 ego
790 2699 1026 2733 uehementer
1058 2699 1246 2731 auctorem
1277 2707 1427 2740 sequor,
1459 2698 1604 2730 tantuin
1632 2706 1651 2732 ς
1677 2708 1720 2729 (κι-
1747 2696 1791 2729 M
1799 2701 1820 2730 f.

127 2759 177 2782 an
201 2758 273 2792 quo
300 2758 369 2801 ego
394 2748 632 2783 vehementer
657 2748 807 2781 auctore
829 2756 986 2787 moveor,
1014 2746 1183 2778 tantum?
1209 2744 1253 2786 ef.
1278 2756 1305 2777 r.
1321 2756 1348 2778 e.
1370 2743 1430 2786 111,
1451 2747 1481 2785 8,
1498 2747 1534 2777 5:
1565 2743 1692 2786 ‘quare
1714 2745 1820 2786 potes

128 2793 354 2830 doctissimis
379 2795 591 2830 hominibus
619 2793 833 2828 auctoribus
859 2804 975 2837 genus
1002 2792 1070 2826 hoc
1096 2792 1215 2824 totum
1241 2789 1419 2824 orationis
1446 2789 1604 2831 tollere',
1632 2790 1710 2823 Liv.
1726 2789 1820 2832 XXI,

127 2843 184 2885 38,
204 2844 241 2877 3:
283 2841 336 2877 'L.
365 2841 512 2877 Cincius
544 2841 753 2876 Alimentus
786 2839 945 2873 maxime
978 2840 1105 2872 auctor
1136 2838 1313 2871 moveret'
1348 2842 1379 2872 et
1406 2849 1434 2871 ν.
1462 2849 1546 2871 ann.
1576 2836 1700 2880 philol.
1734 2840 1820 2870 1884

122 2899 162 2933 p.
185 2891 251 2923 108
275 2900 324 2934 sq.
345 2891 356 2933 ΙΙ
383 2893 436 2924 19.
458 2892 513 2924 20.
541 2887 761 2923 contendere
788 2887 881 2929 MR,
908 2885 1063 2920 condere
1091 2886 1124 2919 G
1149 2887 1160 2928 11
1186 2888 1240 2919 20.
1268 2885 1446 2928 quantuni
1473 2896 1515 2917 ea·
1542 2884 1710 2916 tuantum
1738 2883 1795 2916 Μ’

127 2933 272 2970 ciuibus
291 2947 336 2971 ex
355 2938 431 2971 -tus
440 2936 499 2971 M¹
521 2938 533 2980 ΙΙ
552 2938 793 2978 2021110000
813 2943 931 2976 neque
951 2942 1028 2977 par.
1044 2932 1091 2966 M
1106 2933 1117 2974 ΙΙ
1138 2935 1191 2966 22.
1209 2930 1450 2975 attingendae
1467 2931 1548 2972 GR,
1570 2929 1623 2963 ait
1642 2929 1818 2974 tingende

90 2992 96 2998 ·
127 2981 177 3016 M
189 2982 202 3027 ΙΙ
219 2986 276 3018 23.
296 2993 454 3027 cumque
469 3004 510 3008 —
527 2986 582 3018 24.
608 2981 765 3017 vidisset
789 2993 812 3014 (ι
838 2981 958 3014 maltis
983 2983 1186 3023 suspectata
1211 2979 1264 3014 vel
1291 2982 1471 3023 temptata,
1498 2977 1647 3011 iniuria.
1675 2977 1820 3011 adludit

131 3027 250 3065 Oicero
281 3031 331 3065 ad
354 3031 530 3065 Platonis
559 3030 731 3075 epistulas
763 3028 923 3071 quintam
956 3030 987 3060 et
1019 3027 1222 3069 septimam,
1254 3037 1343 3070 qums
1374 3025 1535 3069 quwuris
1564 3024 1820 3068 suppositiciae

128 3081 241 3112 essent
275 3078 320 3121 (v.
347 3077 465 3112 Zeller
491 3076 641 3112 ‘Archiv
666 3077 692 3119 f.
721 3075 843 3110 Geseh.
870 3074 903 3108 d.
931 3073 1179 3117 Philosophie'
1208 3073 1233 3107 I.
1264 3076 1352 3107 1888
1377 3084 1411 3115 71.
1434 3074 1500 3104 1514
1520 3072 1600 3114 sq),
1639 3075 1819 3114 tamqnam

127 3124 306 3167 qenuinae
342 3125 480 3159 dudum
518 3129 593 3158 tum
629 3122 982 3166 eireainserebantur.
1020 3120 1171 3164 septima
1202 3124 1319 3154 autem
1353 3120 1388 3152 in
1421 3118 1576 3162 epistula
1611 3118 1723 3161 (epist.
1754 3117 1817 3152 Gr.

123 3171 244 3213 11503
257 3181 307 3216 sq.
323 3169 408 3215 Hrt)
429 3175 647 3216 personatus
667 3170 780 3204 Plato
799 3172 928 3203 narrat
953 3178 988 3202 se
1014 3168 1171 3202 iuvenem
1192 3167 1245 3201 bis
1264 3167 1315 3201 rei
1336 3166 1504 3210 publicae
1523 3175 1663 3209 operam
1684 3175 1818 3199 navare
