2242 3496
370 572 385 602 1

424 147 504 187 148
1022 144 1070 179 M.
1097 143 1237 177 TVLLI
1264 142 1513 177 CICERONIS

1115 345 1233 387 xm.
1284 344 1422 400 (216.)

1020 449 1232 492 CICERO
1266 450 1523 493 LIGARIO.

532 559 631 600 Etsi
663 558 742 599 tali
774 561 849 599 tuo
882 560 1077 612 tempore
1110 573 1177 599 me
1211 561 1286 600 aut
1318 557 1569 600 consolandi
1597 561 1671 598 aut
1701 558 1876 600 iuvandi
1902 559 1965 600 tui
1993 573 2121 601 causa

415 630 600 672 scribere
635 629 688 670 ad
720 632 762 670 te
796 629 958 683 aliquid
997 644 1075 682 pro
1108 632 1259 670 nostra
1292 629 1484 671 amicitia
1517 630 1764 683 oportebat,
1805 633 1950 671 tamen
1983 629 2121 672 adhuc

414 702 455 742 id
492 716 579 742 non
617 700 819 755 feceram,
862 700 963 755 quia
1000 715 1137 754 neque
1178 700 1312 742 lenire
1355 700 1530 741 videbar
1573 701 1767 742 oratione
1805 715 1942 756 neque
1979 701 2120 742 levare

413 786 539 826 posse
573 771 766 813 dolorem
797 774 938 826 tuum,
971 773 1123 825 postea
1155 786 1255 813 vero
1284 785 1412 825 quam
1440 785 1642 826 magnam
1669 786 1789 826 spem
1815 772 1973 813 habere
2000 771 2121 826 coepi

412 842 521 896 fore,
554 845 603 883 ut
634 844 676 883 te
709 842 829 884 brevi
861 845 1056 896 tempore
1089 842 1350 884 incolumem
1381 842 1657 897 haberemus,
1695 843 1835 885 facere
1867 857 1954 884 non
1985 842 2121 906 potui,

412 913 515 968 quin
546 913 629 954 tibi
662 916 705 954 et
739 913 999 955 sententiam
1032 916 1075 954 et
1107 914 1378 955 voluntatem
1418 914 1679 956 declararem
1718 929 1868 956 meam.
1932 913 2121 968 primum

412 984 549 1039 igitur
575 984 774 1039 scribam,
808 985 922 1039 quod
949 985 1157 1040 intellego
1191 988 1234 1026 et
1262 985 1489 1040 perspicio,
1520 1000 1608 1027 non
1634 985 1724 1027 fore
1751 986 1797 1026 in
1822 989 1864 1026 te
1892 983 2120 1026 Gaesarem

413 1055 646 1111 duriorem,
682 1070 784 1097 nam
822 1058 865 1097 et
902 1070 970 1097 res
1010 1071 1111 1097 eum
1148 1056 1304 1098 cotidie
1338 1059 1380 1097 et
1413 1057 1502 1097 dies
1542 1059 1585 1097 et
1624 1056 1769 1110 opinio
1808 1056 2033 1098 hominum
2065 1059 2120 1110 et,

412 1129 461 1167 ut
499 1126 604 1167 mihi
643 1126 829 1181 videtur,
867 1126 1000 1168 etiam
1039 1141 1117 1168 sua
1153 1130 1311 1168 natura
1349 1127 1568 1168 mitiorem
1607 1126 1731 1181 facit,
1769 1127 1896 1181 idque
1935 1143 2031 1169 cum
2070 1128 2120 1169 de

413 1197 590 1251 reliquis
637 1198 800 1253 sentio,
849 1201 943 1239 tum
987 1197 1038 1238 de
1083 1200 1125 1238 te
1171 1198 1302 1239 etiam
1353 1198 1479 1239 audio
1525 1212 1576 1238 ex
1619 1196 1972 1240 familiarissimis
2017 1199 2121 1253 eius,

413 1268 568 1323 quibus
604 1282 683 1324 ego
723 1284 774 1309 ex
812 1283 861 1310 eo
901 1272 1114 1323 tempore,
1154 1284 1238 1324 quo
1276 1270 1466 1324 primum
1504 1284 1555 1311 ex
1587 1268 1737 1311 Africa
1775 1271 1954 1312 nuntius
1992 1270 2121 1325 venit,

411 1339 653 1393 supplicare
685 1354 771 1380 una
803 1354 900 1381 cum
931 1339 1140 1381 fratribus
1175 1340 1261 1381 tuis
1294 1355 1381 1382 non
1413 1340 1581 1396 destiti,
1618 1341 1843 1395 †quorum
1875 1340 2047 1395 quidem
2079 1344 2122 1382 et

410 1410 571 1451 virtute
605 1412 647 1451 et
679 1409 841 1464 pietate
875 1413 917 1451 et
950 1426 1071 1453 amor
1108 1411 1154 1452 in
1190 1414 1233 1453 te
1273 1411 1506 1467 singularis
1541 1414 1583 1453 et
1615 1412 1788 1454 assidua
1827 1415 1871 1453 et
1908 1414 2118 1467 perpetua

411 1496 512 1523 cura
557 1481 710 1522 salutis
750 1484 850 1523 tuae
889 1484 1060 1523 tantum
1104 1483 1296 1537 proficit,
1340 1485 1389 1524 ut
1426 1483 1536 1524 nihil
1582 1483 1658 1538 sit,
1703 1483 1816 1539 quod
1854 1498 1941 1525 non
1978 1483 2120 1538 ipsum

411 1550 640 1594 Caesarem
671 1552 940 1594 tributurum
973 1553 1235 1609 existimem,
1269 1554 1355 1609 sed,
1388 1554 1424 1595 si
1456 1553 1621 1595 tardius
1655 1554 1715 1608 fit,
1749 1569 1879 1608 quam
1909 1554 2121 1608 volumus,

409 1624 579 1679 magnis
614 1623 974 1678 occupationibus
1007 1624 1116 1679 eius,
1150 1640 1174 1666 a
1208 1640 1292 1679 quo
1327 1625 1472 1666 omnia
1503 1627 1732 1679 petuntur,
1765 1624 1906 1667 aditus
1939 1625 1993 1667 ad
2024 1640 2122 1667 eum

409 1694 680 1737 difficiliores
713 1694 904 1750 fuerunt,
945 1698 988 1736 et
1021 1695 1149 1737 simul
1183 1695 1411 1738 Africanae
1445 1711 1598 1738 causae
1631 1696 1785 1737 iratior
1817 1696 1979 1738 diutius
2011 1696 2121 1738 velle

409 1765 579 1808 videtur
611 1780 683 1808 eos
715 1765 873 1808 habere
907 1766 1132 1824 sollicitos,
1166 1782 1190 1808 a
1223 1767 1379 1821 quibus
1414 1782 1458 1809 se
1490 1770 1617 1822 putat
1649 1767 1993 1809 diuturnioribus
2026 1782 2120 1809 esse

409 1837 622 1879 molestiis
668 1837 987 1892 conflictatum,
1039 1839 1113 1879 sed
1157 1837 1240 1879 hoc
1283 1837 1427 1892 ipsum
1477 1838 1773 1894 intellegimus
1819 1853 1917 1880 eum
1962 1838 2120 1880 cotidie

409 1908 632 1950 remissius
679 1911 721 1949 et
764 1908 978 1963 placatius
1029 1908 1161 1950 ferre:
1213 1924 1345 1963 quare
1396 1909 1503 1950 mihi
1549 1910 1672 1951 crede
1704 1934 1762 1939 -——
1795 1912 1838 1951 et
1888 1909 2120 1951 memoriae

410 1980 566 2021 manda
603 1994 671 2021 me
713 1979 794 2021 tibi
831 1979 876 2020 id
915 1980 1167 2021 adfirmasse
1198 2004 1256 2009 —
1288 1982 1330 2021 te
1370 1980 1414 2021 in
1452 1980 1550 2022 istis
1584 1980 1796 2022 molestiis
1835 1980 1997 2023 diutius
2033 1995 2122 2022 non

409 2052 613 2092 futurum.
679 2051 901 2106 quoniam,
941 2051 1044 2106 quid
1077 2050 1299 2106 sentirem,
1339 2052 1537 2106 exposui,
1576 2052 1678 2106 quid
1709 2052 1839 2094 velim
1871 2055 1947 2094 tua
1980 2066 2122 2107 causa,

408 2137 452 2163 re
485 2122 632 2176 potius
665 2122 892 2164 declarabo
928 2137 1057 2177 quam
1090 2122 1304 2164 oratione:
1345 2122 1381 2163 si
1412 2125 1585 2164 tantum
1616 2137 1800 2177 possem,
1832 2127 2042 2179 quantum
2073 2123 2120 2165 in

409 2207 459 2234 ea
491 2208 536 2234 re
569 2209 620 2247 p.,
653 2193 703 2234 de
738 2208 823 2248 qua
854 2194 916 2234 ita
951 2208 1046 2234 sum
1078 2194 1279 2248 meritus,
1311 2197 1360 2235 ut
1392 2197 1440 2235 tu
1474 2194 1707 2249 existimas,
1738 2208 1864 2249 posse
1897 2195 2118 2250 debebam,

407 2279 460 2305 ne
494 2267 542 2305 tu
576 2264 747 2319 quidem
779 2265 825 2306 in
856 2265 953 2307 istis
987 2264 1331 2319 <in>commodis
1365 2280 1500 2321 esses,
1532 2266 1681 2307 eadem
1713 2266 1828 2307 enim
1854 2280 1983 2307 causa
2014 2279 2117 2320 opes

408 2350 525 2376 meas
558 2335 708 2391 fregit,
749 2351 856 2390 quae
889 2339 1010 2378 tuam
1049 2336 1235 2378 salutem
1266 2336 1311 2377 in
1343 2336 1575 2379 discrimen
1613 2337 1807 2391 adduxit3
1847 2336 1921 2378 sed
1959 2338 2116 2390 tamen,

409 2406 612 2460 quicquid
644 2406 790 2462 imago
823 2407 982 2448 veteris
1022 2422 1142 2449 meae
1174 2407 1419 2463 dignitatis,
1461 2407 1669 2462 quidquid
1707 2407 1914 2462 reliquiae
1947 2406 2115 2463 gratiae

407 2477 632 2532 valebunt,
672 2477 882 2533 studium,
920 2477 1166 2533 consilium,
1207 2492 1354 2533 opera,
1393 2478 1554 2534 gratia,
1593 2479 1697 2520 fides
1730 2494 1826 2520 mea
1862 2477 1981 2520 nullo
2019 2478 2115 2519 loco

409 2548 545 2589 deerit
578 2548 664 2589 tuis
699 2548 876 2602 optimis
908 2548 1131 2590 fratribus.
1187 2552 1235 2590 tu
1268 2549 1336 2591 fac
1367 2550 1528 2591 habeas
1560 2549 1720 2592 fortem
1752 2549 1956 2604 animum,
1989 2563 2116 2603 quem

528 2704 559 2734 3.
591 2711 649 2734 me
683 2712 749 2735 om.
782 2701 818 2736 R
849 2702 860 2745 11
893 2705 922 2735 5.
951 2702 1113 2736 feceram
1140 2713 1177 2746 ς,
1214 2701 1365 2737 fecerim
1390 2703 1425 2736 Ω,
1456 2703 1467 2746 Η
1500 2705 1554 2736 15.
1589 2703 1626 2735 et
1658 2712 1760 2736 amor
1786 2701 1884 2745 MG,
1920 2711 2022 2735 amor
2047 2700 2084 2735 R

411 2771 447 2803 et
471 2771 652 2814 perpetua
677 2782 743 2805 om.
785 2772 829 2806 G.
857 2773 894 2806 et
919 2760 1116 2817 perpetua,
1148 2783 1195 2817 pe
1221 2785 1245 2808 α
1272 2785 1314 2808 m.
1341 2777 1378 2815 2,
1404 2773 1442 2808 R
1473 2774 1484 2817 ΙΙ
1515 2773 1694 2808 sententia
1718 2776 1816 2808 recta
1841 2771 2000 2815 efficitur
2024 2772 2115 2806 scri—

410 2817 522 2851 hendo
560 2829 640 2853 eum
675 2818 809 2853 Orellio
848 2820 885 2853 et
923 2830 1047 2854 amore
1082 2820 1120 2854 in
1152 2822 1189 2854 te
1223 2819 1407 2865 singulari
1444 2831 1593 2865 eumque
1626 2819 1875 2864 Wesenberyio
1912 2817 2113 2862 proficitur.

411 2875 628 2908 qmmzquam
666 2870 821 2910 possunt
864 2867 973 2901 etiam
1016 2869 1125 2903 verba
1164 2869 1201 2902 et
1237 2867 1376 2902 virtute
1415 2869 1453 2901 et
1489 2866 1631 2912 pietate
1677 2871 1861 2911 tamquam
1902 2866 2114 2910 glossemata

410 2910 593 2946 eliminari
624 2913 635 2956 ΙΙ
668 2916 722 2947 17.
749 2913 791 2947 fit
817 2914 871 2956 M,
899 2913 948 2947 sit
975 2914 1019 2957 G,
1046 2914 1078 2948 si
1104 2915 1140 2949 R
1166 2917 1177 2959 Η
1204 2919 1258 2950 19.
1281 2919 1366 2960 post
1392 2925 1526 2949 causae
1552 2916 1594 2948 in
1618 2914 1668 2947 M
1687 2924 1829 2948 erasum
1856 2913 1893 2946 et
1924 2913 1935 2956 ΙΙ
1966 2915 2021 2946 20.
2048 2924 2114 2957 pu-

410 2957 493 2990 tant
518 2959 566 2991 M
585 2960 596 3003 Η
622 2962 677 2994 23.
704 2959 787 2994 istis
813 2961 868 3003 R,
894 2959 992 2994 istiis
1019 2962 1073 3005 M,
1100 2961 1158 2996 his
1187 2963 1220 2997 G—
1246 2963 1257 3006 Η
1286 2966 1342 2996 24.
1369 2961 1497 3007 velim]
1525 2960 1661 2995 uellem
1686 2961 1720 2994 ,Ω
1748 2960 1759 3004 Η
1787 2962 1842 2993 25.
1871 2958 1902 2993 si
1927 2959 2114 3006 ,Martyni-

411 3004 587 3048 Lamum,
625 3007 662 3039 et
700 3006 730 3040 si
770 3009 804 3041 ,Ω
835 3008 846 3051 Η
878 3010 932 3042 27.
969 3007 1214 3043 incommodis
1243 3020 1280 3053 ς,
1323 3008 1525 3043 commodis
1551 3009 1586 3041 ,Ω
1616 3008 1627 3051 Η
1659 3009 1713 3041 30.
1754 3005 1877 3051 gratia
1914 3011 2116 3051 suspectum

410 3050 594 3129 {says-erm
622 3053 787 3087 studium
813 3054 988 3097 officium,
1016 3056 1211 3089 consilium
1239 3067 1363 3100 opera,
1390 3067 1446 3090 res
1473 3055 1564 3089 fides
1592 3054 1803 3098 ll'esenbery
1829 3055 1839 3097 11
1866 3057 1920 3088 31.
1950 3053 2115 3088 animum

427 3107 543 3130 orem
574 3100 604 3131 (l

2141 1073 2175 1097 10

2139 1427 2173 1453 15

2141 1783 2175 1808 20

2140 2137 2174 2163 25

2135 2492 2170 2517 30
