2242 3496
582 201 918 236 El‘ls'rVLARVM
948 201 1040 235 xm.
1070 204 1122 235 73.
1153 204 1206 235 74.
1235 204 1290 235 75.
1319 203 1371 233 713.
1402 203 1455 233 77.
1782 199 1866 239 383

858 344 1051 386 Lxxvi
1099 343 1177 400 0)

339 452 394 493 M.
428 451 639 495 01011110
674 452 758 493 1111
793 451 950 493 Vnus
984 451 1059 492 ET
1093 447 1533 496 nncvmomssvs
1569 446 1609 489 3.
1642 447 1692 488 D.

287 558 450 600 Tantae
479 559 583 599 1111111
611 574 707 600 011111
736 558 782 607 Q.
813 558 973 612 Hippio
1001 571 1154 599 causae
1182 555 1511 598 necessitudinis
1539 557 1651 606 sunt,
1685 556 1733 594 ut
1759 553 1865 594 nihil

170 630 309 684 possit
342 645 434 671 esse
468 629 757 682 coniunctius,
800 643 928 683 quam
961 642 1039 669 nos
1074 628 1185 668 inter
1217 641 1294 667 nos
1329 641 1495 680 sumus,
1533 625 1647 680 quod
1684 624 1768 666 nisi
1807 625 1867 664 ita

131 714 148 739 5
167 704 294 754 esset,
326 704 470 742 uterer
498 715 593 741 mea
619 699 938 753 consuetudine,
970 702 1018 739 ut
1044 697 1164 739 vobis
1191 697 1310 738 nulla
1336 697 1378 737 in
1406 711 1449 737 re
1478 697 1684 738 molestus
1713 710 1870 750 esse1u3

168 772 327 813 etenim
360 786 436 813 vos
469 770 575 812 mihi
615 770 769 825 optimi
808 773 940 811 testes
981 769 1103 820 estis,
1149 783 1279 823 quom
1319 767 1425 808 mihi
1464 781 1718 820 persuasum
1756 768 1870 807 esset

167 842 274 883 nihil
303 857 408 897 esse,
440 842 553 897 quod
581 857 605 882 a
630 841 752 882 vobis
783 840 1015 894 impetrare
1041 853 1128 880 non
1153 852 1338 892 possem,
1370 851 1605 891 numquam
1632 851 1698 877 me
1725 839 1868 877 tamen

167 927 343 968 gravem
375 913 497 954 vobis
531 927 623 953 esse
657 911 857 952 voluisse.
917 912 1134 951 vementer
1160 908 1297 963 igitur
1322 922 1398 949 vos
1425 907 1556 948 etiam
1584 910 1712 962 atque
1739 907 1869 948 etiam

167 997 288 1039 rogo,
316 986 362 1025 ut
380 982 558 1025 honoris
580 982 663 1023 mei
686 996 815 1023 causa
835 995 963 1035 quam
985 978 1287 1021 liberalissime
1310 977 1352 1020 C.
1377 977 1582 1033 Valgium
1603 977 1870 1032 Hippianum

114 1069 148 1093 ιο
169 1054 366 1095 tractetis
399 1068 574 1107 remque
608 1067 704 1094 cum
738 1067 786 1093 eo
822 1051 1079 1104 conficiatis,
1111 1052 1176 1103 111,
1219 1064 1348 1103 quam
1386 1049 1702 1103 possessionem
1739 1048 1871 1089 habet

166 1125 211 1166 in
243 1139 348 1180 agro
381 1124 637 1180 Fregellano
677 1123 759 1176 <3>
792 1123 915 1164 vobis
956 1124 1163 1176 emptam,
1202 1135 1297 1161 eam
1333 1120 1517 1161 liberam
1555 1123 1597 1160 et
1637 1119 1870 1159 immunem

166 1197 324 1238 habere
357 1196 514 1250 possit:
549 1195 590 1236 id
623 1195 659 1236 si
693 1209 716 1235 a
750 1194 870 1235 vobis
904 1194 1153 1247 impetrato,
1186 1205 1353 1233 summo
1388 1205 1454 1231 me
1487 1189 1693 1231 beneficio
1726 1192 1869 1230 vestro

168 1266 385 1309 adfectum
418 1266 677 1308 arbitrabor.

820 1346 1038 1388 LXXVII.
1083 1344 1220 1402 (236.)

114 1457 148 1483 15
523 1443 578 1485 M.
613 1441 825 1485 CICERO
861 1441 902 1484 S.
934 1442 986 1483 D.
1017 1441 1063 1482 P.
1098 1439 1364 1482 SVLPICIO
1396 1439 1514 1481 IMP.

282 1537 391 1581 Cum
421 1538 490 1580 his
522 1538 790 1592 temporibus
823 1552 911 1578 non
943 1551 1044 1578 sane
1077 1536 1123 1576 in
1155 1538 1354 1576 senatum
1393 1533 1668 1587 ventitarem,
1709 1535 1868 1586 tamen,

162 1613 211 1652 111
241 1613 339 1652 11133
370 1610 542 1651 litteras
575 1608 679 1664 legi,
722 1623 810 1650 non
842 1607 1085 1649 existimavi
1118 1621 1184 1648 me
1217 1605 1336 1647 salvo
1370 1605 1461 1646 iure
1499 1607 1673 1646 nostrae
1714 1602 1870 1645 veteris

163 1680 379 1722 amicitiae
413 1680 735 1734 multorumque
770 1679 882 1720 inter
915 1693 994 1720 nos
1028 1677 1272 1719 officiorum
1302 1675 1442 1717 facere
1469 1689 1609 1730 posse,
1640 1677 1689 1715 ut
1715 1674 1872 1715 honori

163 1755 239 1793 tuo
273 1751 483 1804 deessem,
515 1751 662 1805 itaque
696 1749 813 1791 adfui
848 1748 1294 1804 supplicationemque
1333 1746 1415 1787 tibi
1453 1745 1653 1786 lubenter
1691 1745 1871 1798 decrevi,

111 1833 145 1859 20
164 1836 243 1864 nec
282 1821 448 1876 reliquo
493 1824 686 1875 tempore
725 1820 814 1861 ullo
854 1823 929 1860 aut
968 1819 1029 1860 rei
1069 1821 1144 1859 aut
1189 1816 1502 1858 existimationi
1547 1818 1622 1857 aut
1665 1815 1871 1871 dignitati

163 1895 262 1934 tuae
295 1892 407 1933 dero.
465 1894 606 1946 atque,
638 1890 720 1933 hoc
752 1893 801 1932 ut
833 1891 897 1931 tui
930 1889 1163 1931 necessarii
1196 1888 1347 1942 sciant,
1378 1887 1460 1928 hoc
1493 1901 1560 1928 me
1593 1886 1737 1927 animo
1770 1900 1873 1941 erga

162 1966 204 2005 te
237 1977 341 2018 esse,
372 1962 499 2004 velim
531 1962 665 2004 facias
698 1977 771 2004 eos
802 1976 879 2016 per
910 1961 1079 2002 litteras
1110 1959 1326 2012 certiores,
1358 1961 1416 2011 ut,
1450 1958 1486 1999 31
1514 1957 1617 2012 quid
1642 1956 1725 1998 tibi
1753 1971 1862 2011 opus

162 2034 238 2089 sit,
280 2048 332 2075 ne
377 2033 576 2075 dubitent
621 2033 726 2074 mihi
770 2033 860 2074 iure
906 2047 983 2074 suo
1029 2031 1293 2073 denuntiare.
1356 2028 1414 2070 M.
1447 2028 1680 2081 Bolanum,
1725 2027 1866 2068 virum
1896 2043 1915 2073 2

162 2105 324 2147 bonum
364 2106 408 2145 et
450 2104 609 2145 fortem
653 2106 696 2144 et
738 2102 938 2144 omnibus
983 2102 1110 2143 rebus
1157 2103 1357 2142 ornatum
1407 2113 1634 2153 meumque
1681 2101 1868 2139 veterem

109 2189 142 2215 25
163 2175 367 2230 amicum,
411 2174 492 2216 tibi
537 2187 798 2229 magnopere
845 2172 1108 2214 commendo.
1170 2173 1424 2226 pergratum
1463 2169 1569 2210 mihi
1616 2168 1786 2221 feceris,
1831 2168 1868 2209 si

165 2246 348 2299 curaris,
386 2248 435 2286 ut
473 2245 509 2285 is
548 2243 792 2299 intellegat,
829 2243 941 2284 hanc
980 2240 1396 2284 commendationem
1436 2239 1519 2280 sibi
1558 2252 1716 2294 magno
1756 2239 1870 2280 adin-

166 2319 309 2359 mento
341 2315 486 2369 fuisse,
518 2314 744 2369 ipsumque
777 2314 918 2354 virum
951 2313 1164 2368 optimum
1196 2311 1580 2366 gratissimumque
1609 2323 1866 2365 cognosces:

166 2387 374 2444 promitto
401 2385 483 2427 tibi
508 2388 550 2426 te
578 2399 628 2426 ex
655 2384 744 2425 eius
772 2383 963 2426 amicitia
990 2397 1192 2438 magnam
1218 2382 1487 2436 voluptatem
1511 2395 1603 2422 esse
1626 2383 1870 2435 capturum.

168 2461 391 2514 praeterea
423 2471 446 2498 a
478 2458 520 2497 te
552 2457 654 2510 peto
687 2455 731 2495 in
762 2454 969 2495 maiorem
1005 2453 1178 2494 modum
1205 2467 1282 2507 pro
1314 2454 1465 2494 nostra
1497 2450 1690 2492 amicitia
1721 2453 1764 2492 et
1794 2465 1870 2505 pro
1898 2468 1917 2498 3

110 2543 145 2569 30
169 2533 245 2571 tuo
277 2530 483 2583 perpetuo
516 2526 561 2567 in
594 2540 659 2567 me
693 2525 848 2579 studio,
881 2527 928 2565 ut
959 2524 1005 2564 in
1035 2523 1115 2565 hac
1144 2538 1189 2564 re
1216 2523 1348 2564 etiam
1375 2522 1587 2564 elabores:
1620 2521 1872 2576 Dionysius,

168 2614 315 2642 servus
343 2613 474 2652 meus,
506 2596 579 2652 qui
605 2610 744 2638 meam
771 2594 1062 2636 bibliothecen
1088 2594 1325 2636 multorum
1349 2607 1626 2635 nummorum
1652 2592 1872 2646 tractavit,

287 2730 317 2761 3.
345 2737 429 2761 cum
456 2724 514 2770 Q]
541 2724 659 2768 cumq'
685 2723 739 2767 M,
766 2733 921 2766 cumque
948 2721 1028 2756 HD
1046 2724 1057 2767 ΙΙ
1086 2725 1118 2756 4.
1143 2720 1232 2767 11131]
1259 2721 1299 2755 111
1324 2722 1544 2765 Bruqmamz
1569 2720 1869 2764 (condicionales

166 2775 222 2810 κί’
246 2787 285 2820 p.
307 2775 367 2818 26)
397 2774 409 2817 ΙΙ
441 2777 471 2807 6.
497 2773 612 2806 103103
637 2770 727 2806 03113
754 2769 845 2813 HD,
871 2768 980 2803 testis
1006 2771 1063 2803 est
1088 2769 1138 2803 M
1156 2770 1167 2813 11
1193 2768 1320 2814 quom]
1348 2778 1460 2812 quam
1489 2769 1536 2810 Ψ,
1563 2778 1646 2801 cum
1673 2777 1711 2810 ς,
1739 2777 1867 2810 quam-

168 2833 282 2866 quam
311 2821 421 2856 Orelli
440 2821 452 2864 {l
471 2820 569 2853 esset
593 2830 636 2853 ea:
662 2828 742 2852 esse
768 2816 828 2852 M¹
848 2818 859 2860 ΙΙ
879 2819 909 2851 8.
937 2826 1091 2860 grauem
1116 2815 1279 2850 uoluisse
1305 2825 1385 2849 esse
1411 2813 1518 2849 uobis
1539 2814 1581 2848 H
1598 2815 1609 2858 ΙΙ
1629 2813 1872 2848 110110111011101·

170 2869 253 2904 HD
270 2870 282 2913 ΙΙ
303 2872 334 2903 9.
362 2878 473 2912 quam
500 2866 592 2909 HD,
619 2877 683 2900 om.
713 2864 759 2898 M
773 2865 785 2908 ll
805 2863 972 2908 ualgium
998 2863 1053 2906 M,
1078 2861 1236 2896 uallium
1261 2861 1342 2896 HD
1366 2863 1378 2905 ΙΙ
1409 2865 1462 2896 11.
1489 2860 1694 2906 fregellano
1721 2861 1774 2903 M,
1801 2860 1872 2895 fre-

170 2915 334 2962 gelliano
363 2914 414 2957 H,
440 2912 640 2958 flagellano
667 2912 706 2946 D
724 2914 736 2955 ΙΙ
755 2922 778 2945 a
803 2922 867 2945 om.
898 2912 937 2944 Ψ
953 2912 965 2955 ΙΙ
985 2914 1038 2944 13.
1067 2909 1226 2944 arbitror
1251 2909 1294 2943 Η
1300 2908 1309 2930 ¹
1328 2910 1339 2953 ΙΙ
1360 2912 1413 2943 15.
1441 2907 1623 2954 Sulpicio]
1645 2910 1689 2949 cs.
1714 2908 1876 2943 IVillems

173 2964 219 2998 ‘le
242 2963 359 2998 se'nat'
384 2962 398 2996 Ι
421 2974 457 3006 I)-
481 2964 559 2995 524.
604 2959 756 2993 Vatinio
777 2958 945 2993 Rutilius
970 2957 1117 3001 aliique,
1142 2957 1234 2991 *male
1253 2957 1265 3000 ΙΙ
1286 2960 1338 2990 19.
1366 2955 1526 2990 libenter
1552 2954 1632 2989 HD
1650 2956 1662 2999 ΙΙ
1681 2957 1736 2989 21.
1764 2954 1874 2989 deero

171 3010 252 3045 HD
269 3012 282 3055 u
300 3009 370 3044 hoc
395 3011 437 3042 ut
463 3008 521 3050 M,
549 3008 590 3041 ut
615 3007 685 3040 hoc
712 3005 793 3040 HD
811 3007 822 3049 [l
842 3008 896 3038 22.
925 3003 1091 3038 certioris
1111 3003 1186 3048 ΜΙΙ
1205 3006 1260 3038 24.
1286 3013 1483 3046 meumque
1508 3001 1582 3046 D¹,
1617 3012 1793 3045 reumque
1819 3002 1874 3046 M,

171 3067 367 3101 rerumque
392 3055 497 3091 ΗΒΕ
515 3056 527 3099 ΙΙ
546 3058 600 3088 25.
629 3063 764 3097 magno
791 3062 900 3097 opere
927 3051 970 3085 H
992 3053 1003 3096 ΙΙ
1029 3054 1084 3085 26.
1111 3050 1143 3084 13
1169 3050 1262 3093 HD,
1288 3049 1346 3083 his
1373 3050 1421 3083 M
1444 3050 1454 3093 ΙΙ
1486 3052 1540 3083 28.
1569 3048 1777 3083 amicitiam
1802 3049 1852 3083 M

170 3106 465 3149 magnam—29.
494 3100 660 3136 amicitia
686 3112 751 3135 om.
779 3099 817 3134 D
853 3101 866 3143 n
902 3102 958 3133 29.
985 3109 1008 3132 a
1032 3099 1069 3132 10
1095 3097 1196 3141 MD,
1228 3098 1266 3130 te
1293 3097 1335 3131 H
1368 3098 1380 3141 n
1417 3100 1473 3132 31.
1499 3095 1753 3131 bibliothecen
1779 3096 1873 3141 MD,

170 3150 442 3186 bibliothecam
468 3150 518 3184 H.
546 3146 793 3195 βιβλιοθήκην
819 3147 897 3181 alii.
941 3147 986 3189 cf.
1014 3145 1115 3180 Neue
1142 3144 1184 3178 Ι2
1205 3156 1242 3188 2).
1264 3147 1307 3177 41
