2242 3496
100 962 131 986 10

96 1315 128 1341 15

91 1670 126 1696 20

90 2169 123 2194 25

88 2523 122 2547 30

635 197 970 232 Elws'rvmlxvm
1001 199 1091 234 xm.
1119 202 1174 233 2¹7.
1203 205 1257 234 22⁸.
1286 205 1364 234 2⁸³⁸.
1765 201 1849 242 353)

153 306 214 349 sic
247 305 359 348 enim
393 309 457 347 est
490 321 657 348 mecum
697 307 884 362 locutus,
929 310 988 361 te,
1035 311 1082 349 ut
1120 323 1234 350 meas
1274 308 1442 350 litteras
1482 308 1656 364 legeris,
1701 310 1850 352 statim

152 377 505 433 procuratoribus
530 377 617 418 suis
639 378 881 432 pollicitum
903 394 994 420 csse
1017 379 1171 433 omnia,
1199 379 1336 421 multo
1357 394 1457 421 vero
1478 379 1602 434 plura
1624 383 1666 421 et
1688 381 1851 422 maiora

153 448 323 490 fecisse:
363 448 404 489 id
438 448 573 503 igitur
604 473 661 478 —
694 452 800 503 puto
833 450 946 491 0111111
979 450 1110 492 etiam
1144 453 1274 504 atquc
1311 450 1442 491 etiam
1480 450 1586 492 mihi
1625 450 1850 494 dicendum

152 534 245 561 esse
270 543 328 549 —
355 519 482 560 velim
516 520 734 561 existimes
769 520 872 562 mihi
907 524 948 562 te
983 521 1132 563 fecisse
1166 521 1476 577 gratissimum.
1532 522 1643 577 quod
1678 523 1850 577 quidem
1876 535 1895 564 :2

151 590 233 632 hoc
272 590 511 632 vementius
556 590 712 645 laetor,
757 591 870 645 quod
915 607 965 632 ex
1008 592 1101 646 ipso
1142 591 1349 634 Mescinio
1395 595 1436 634 tc
1481 593 1603 635 video
1647 608 1847 650 magnam

152 663 377 717 capturum
418 661 702 716 voluptatem3
748 666 812 704 est
851 663 964 705 enim
1002 663 1047 704 in
1086 678 1135 704 eo
1175 678 1271 706 cum
1310 663 1446 705 virtus
1492 667 1535 705 et
1573 664 1768 719 probitas
1807 668 1850 706 et

151 747 365 774 summum
405 732 594 774 officium
632 747 883 787 summaque
929 733 1221 788 opservautia,
1263 737 1355 775 tum
1395 734 1536 775 studia
1574 735 1648 776 illa
1686 738 1849 790 nostra,

150 804 304 858 quibus
339 806 465 844 antea
493 803 823 858 delectabamur,
852 818 966 845 nunc
994 803 1125 845 etiam
1152 804 1348 845 vivimus.
1398 805 1510 859 quod
1538 805 1744 848 relicuum
1772 809 1848 861 est,

150 874 276 916 velim
309 888 467 930 augeas
501 876 575 915 tua
607 874 652 915 in
690 889 787 915 eum
826 873 1034 915 beneficia
1072 874 1271 916 omnibus
1310 875 1457 930 rebus,
1497 890 1603 930 quae
1643 880 1684 918 te
1724 880 1849 919 erunt

150 945 324 1000 dignae3
356 945 428 986 sed
455 945 550 998 duo,
583 959 690 998 quae
718 947 760 986 te
786 944 1044 986 nominatim
1071 959 1195 1000 rogo:
1227 946 1428 1000 primum,
1459 949 1518 1000 ut,
1551 947 1586 987 si
1614 947 1715 1002 quid
1743 949 1848 990 satis

148 1015 335 1058 dandum
366 1015 467 1069 erit,
509 1026 712 1057 AMvas
744 1027 804 1057 EO
838 1026 1019 1057 ΝΟΜῙΝΕ
1050 1027 1145 1058 NON
1177 1028 1300 1070 PETI,
1334 1031 1472 1071 cures,
1504 1020 1552 1058 ut
1585 1019 1691 1060 satis
1725 1019 1849 1060 detur

147 1087 230 1128 fide
262 1101 376 1141 mea3
408 1086 576 1140 deinde,
615 1101 711 1127 cum
750 1085 838 1128 fere
877 1087 1089 1129 consistat
1126 1087 1342 1129 hereditas
1375 1088 1418 1129 in
1458 1088 1518 1129 eis
1557 1089 1703 1144 rebus,
1742 1104 1847 1144 quas

147 1157 304 1199 avertit
342 1156 499 1212 Oppia,
544 1171 651 1211 quae
698 1172 805 1199 uxor
843 1157 995 1198 Mindii
1040 1157 1141 1212 fuit,
1187 1159 1332 1200 adiues
1377 1159 1578 1214 ineasque
1624 1160 1848 1216 rationem,

147 1228 508 1283 quemadmodum
540 1242 589 1270 ea
621 1227 774 1270 mulier
805 1228 989 1271 Romam
1027 1229 1303 1284 perducatur:
1343 1231 1455 1285 quod
1495 1231 1530 1272 si
1567 1231 1735 1285 putarit
1773 1232 1848 1273 illa

147 1299 252 1354 fore,
277 1302 326 1341 ut
352 1299 498 1354 opinio
524 1302 675 1341 nostra
695 1303 772 1354 est,
798 1300 1022 1356 negotium
1050 1301 1335 1343 conficiemus.
1380 1301 1461 1344 hoc
1482 1305 1530 1343 ut
1551 1302 1847 1358 adsequamur,

146 1374 189 1412 te
221 1373 441 1413 vementer
473 1370 604 1412 etiam
637 1373 766 1425 atque
800 1371 929 1413 etiam
962 1386 1086 1427 rogo,
1127 1371 1253 1427 illud,
1287 1373 1400 1427 quod
1433 1388 1563 1428 supra
1595 1373 1766 1428 scripsi,
1804 1374 1846 1416 id
1873 1386 1893 1417 3

146 1441 227 1484 tibi
260 1442 466 1484 confirmo
498 1442 544 1483 in
576 1456 727 1496 meque
761 1443 939 1497 recipio,
972 1445 1014 1484 te
1048 1457 1115 1497 ea,
1157 1457 1263 1497 quae
1301 1442 1445 1485 fecisti
1483 1443 1680 1487 Mescinii
1719 1460 1846 1486 causa
1896 1454 1904 1457 ”

146 1527 339 1568 quaeque
370 1512 542 1566 feceris,
573 1513 636 1554 ita
667 1513 774 1554 bene
808 1513 1152 1568 conlocaturum,
1191 1516 1240 1555 ut
1271 1513 1361 1569 ipse
1399 1514 1560 1556 iudices
1598 1515 1764 1557 homini
1802 1518 1845 1557 te

145 1583 392 1640 gratissimo
424 1583 733 1626 iucundissimo
765 1583 951 1638 benigne
977 1582 1148 1638 fecisse3
1179 1584 1277 1626 volo
1305 1584 1419 1626 enim
1447 1585 1498 1626 ad
1524 1585 1578 1640 id,
1611 1586 1724 1640 quod
1750 1601 1845 1628 mea

145 1669 275 1697 causa
305 1653 459 1710 fecisti,
490 1655 572 1697 hoc
605 1655 735 1696 etiam
768 1654 979 1696 accedere.

786 1795 1015 1837 xxvma.
1060 1795 1194 1851 (263.)

692 1901 934 1956 <CICERO
969 1900 1183 1944 SERVIO
1217 1901 1288 1958 s>

261 2010 353 2053 Nec
373 2010 736 2053 Lacedaemonios
765 2010 963 2051 dubitare
990 2009 1191 2075 arbitror,
1217 2010 1321 2064 quin
1346 2010 1431 2065 ipsi
1451 2025 1528 2052 sua
1548 2010 1843 2066 maiorumque
1874 2026 1888 2055 1

144 2097 320 2124 suorum
353 2081 613 2124 auctoritate
647 2081 752 2122 satis
787 2079 1076 2122 commendati
1108 2080 1197 2122 sint
1227 2080 1327 2122 fidei
1359 2084 1403 2123 et
1434 2081 1628 2124 iustitiae
1659 2084 1769 2136 tuae,
1802 2084 1845 2123 et

144 2167 238 2209 ego,
271 2153 345 2208 qui
376 2155 419 2194 te
453 2152 616 2207 optime
648 2152 878 2207 novissem,
908 2166 996 2192 non
1027 2151 1239 2206 dubitavi,
1282 2152 1385 2206 quin
1421 2152 1503 2194 tibi
1540 2152 1770 2194 notissima
1801 2155 1844 2194 et

144 2225 239 2266 iura
263 2226 307 2265 et
332 2223 488 2265 merita
513 2223 772 2277 populorum
798 2224 958 2263 essent:
985 2221 1144 2276 itaque,
1171 2236 1267 2264 cum
1288 2237 1313 2264 a
1332 2238 1399 2265 me
1426 2225 1595 2278 peteret
1614 2222 1842 2277 Philippus

142 2293 519 2348 Lacedaemonius,
546 2296 594 2335 ut
619 2293 701 2334 tibi
728 2293 948 2335 civitatem
975 2293 1330 2348 commendarem,
1360 2293 1443 2335 etsi
1468 2293 1747 2335 memineram
1774 2309 1841 2335 me

143 2365 182 2407 ei
214 2365 383 2408 civitati
416 2364 560 2406 omnia
598 2364 770 2419 debere,
811 2366 957 2406 tamen
994 2364 1195 2418 respondi
1234 2365 1604 2406 commendatione
1635 2363 1842 2407 Lacedae-

141 2435 311 2478 monios
344 2439 448 2490 aput
480 2438 522 2477 te
553 2450 641 2477 non
679 2449 816 2491 egere.
871 2435 1017 2489 itaque
1056 2434 1116 2477 sic
1154 2435 1283 2476 velim
1322 2436 1559 2491 existimes,
1596 2451 1663 2477 me
1702 2435 1840 2478 omnis
1868 2450 1887 2480 2

142 2506 332 2548 Achaiae
359 2506 555 2548 civitates
583 2506 785 2548 arbitrari
803 2520 882 2560 pro
903 2506 1059 2547 horum
1078 2508 1322 2561 temporum
1342 2506 1669 2562 perturbatione
1689 2506 1841 2562 felicis,

142 2577 256 2631 quod
277 2577 338 2618 018
359 2579 407 2618 tu
426 2577 604 2632 praesis,
630 2577 895 2631 eundemque
916 2591 982 2618 me
1003 2577 1066 2618 ita
1090 2577 1291 2632 iudicare,
1316 2580 1372 2633 te,
1399 2578 1513 2632 quod
1538 2592 1648 2619 unus
1676 2578 1839 2632 optime

141 2662 289 2689 nosses
314 2662 401 2689 non
425 2650 575 2688 nostra
602 2647 753 2702 solum,
785 2648 859 2690 sed
885 2648 1016 2690 etiam
1043 2647 1247 2690 Graeciae
1274 2651 1552 2690 monumenta
1577 2649 1732 2704 omnia,
1764 2652 1840 2691 tua

260 2779 290 2810 1.
319 2775 416 2810 enim
443 2776 500 2809 est
525 2775 580 2818 M,
607 2776 663 2809 est
687 2775 786 2810 enim
812 2775 892 2811 HD
911 2777 922 2820 ΙΙ
943 2779 973 2811 5.
1001 2775 1257 2811 uehementius
1284 2776 1365 2811 HD
1383 2778 1394 2821 ΙΙ
1415 2780 1445 2811 6.
1473 2776 1512 2810 111
1538 2788 1580 2811 eo
1608 2788 1691 2811 cum
1720 2777 1838 2812 uirtus

141 2824 179 2857 et
202 2822 371 2868 probitas
397 2824 435 2857 et
460 2823 520 2865 M,
559 2822 597 2856 in
623 2833 665 2856 eo
691 2822 810 2857 uirtus
843 2824 881 2858 et
906 2834 989 2857 cum
1019 2823 1188 2868 probitas
1221 2825 1259 2858 et
1283 2823 1365 2858 HD
1401 2826 1412 2868 ΙΙ
1450 2827 1480 2859 9.
1507 2825 1544 2858 te
1571 2824 1668 2868 HD,
1702 2826 1740 2859 et
1765 2825 1839 2865 1113:

142 2873 196 2905 10.
229 2870 294 2904 sed
326 2870 398 2904 duo
431 2869 541 2914 quael
582 2871 668 2904 sunt
699 2869 772 2904 duo
803 2881 898 2914 quae
932 2870 1160 2917 ll'esenberfs,
1198 2871 1262 2906 sed
1298 2870 1370 2905 duo
1409 2870 1559 2915 quidem
1592 2883 1629 2916 ς,
1668 2871 1734 2906 8οᾶ
1765 2872 1837 2907 duo

140 2917 343 2952 Lambinus
361 2921 372 2961 ΙΙ
394 2921 447 2952 12.
474 2917 542 2962 eis]
569 2916 627 2950 his
656 2919 704 2959 Ψ,
729 2916 776 2951 118
802 2929 822 2954 ς
843 2918 854 2960 ΙΙ
875 2920 928 2952 13.
955 2917 1099 2952 mundii
1125 2917 1169 2952 H
1183 2919 1194 2962 ΙΙ
1214 2917 1369 2952 adiuues
1389 2918 1470 2953 HD
1488 2919 1499 2962 ss
1521 2922 1574 2953 16.
1601 2918 1839 2954 uehementer

141 2964 221 2999 HD
238 2965 251 3009 1]
269 2963 365 2998 illud
392 2993 398 2998 .
420 2993 427 3000 .
450 2993 456 2999 .
484 2963 537 3009 id]
564 2966 609 3007 cs.
636 2964 793 3010 Reisiqii
817 2965 923 2999 schol.
949 2969 1042 3010 synt.
1069 2965 1154 3000 Lat.
1176 2977 1215 3009 p.
1238 2969 1303 2999 127
1331 2966 1382 3000 ed.
1410 2965 1572 3000 Sehmalz
1596 2967 1608 3010 Ι]
1634 2969 1688 3000 16.
1719 2970 1772 3002 17.
1800 2966 1838 3001 id

140 3010 212 3045 tibi
236 3011 410 3046 confirmo
437 3011 475 3045 in
501 3021 632 3055 meque
659 3011 739 3046 HD
765 3013 968 3056 (praeterea
994 3012 1068 3047 cod.
1090 3012 1210 3047 Paris.
1236 3015 1326 3046 7783
1352 3016 1384 3047 et
1411 3015 1536 3056 14761,
1565 3012 1736 3048 C'cmonic.
1756 3017 1836 3058 210,

141 3058 234 3102 alii),
258 3057 312 3102 id}
341 3057 381 3092 in
406 3068 537 3102 meque
564 3059 612 3093 M
626 3060 638 3103 ΙΙ
660 3062 711 3093 17.
738 3060 776 3093 te
801 3069 918 3103 eaque
943 3058 969 3093 f.
996 3059 1044 3093 M
1057 3060 1069 3102 ΙΙ
1090 3062 1144 3094 19.
1171 3071 1222 3104 gr.
1250 3059 1337 3105 iuc.]
1367 3061 1405 3094 in
1430 3060 1602 3104 asymleto
1621 3061 1707 3095 olim
1726 3062 1835 3105 offen-

139 3116 218 3139 sum
252 3106 265 3149 ΙΙ
301 3109 357 3140 21.
383 3117 495 3141 ‘novae
519 3107 694 3151 epistulae
724 3107 872 3141 initium
905 3107 990 3141 hinc
1019 3107 1104 3148 feeit
1134 3107 1351 3151 Manutius;
1382 3108 1505 3152 priori
1535 3108 1743 3152 adiungunt
1772 3111 1811 3142 Ψ

141 3154 197 3186 27.
217 3154 273 3187 28.
299 3163 358 3187 1110
378 3152 413 3188 01
431 3153 524 3198 HD,
550 3153 623 3188 mei
644 3154 689 3187 M
705 3155 716 3198 Η
736 3157 791 3188 31.
818 3153 887 3200 018]
914 3153 972 3188 his
997 3155 1042 3198 Ψ,
1068 3152 1114 3188 118
1135 3164 1155 3191 ς
1175 3156 1186 3200 ΙΙ
1206 3153 1387 3201 iudicare]
1413 3153 1599 3190 iudicasse
1625 3155 1836 3201 Wesenbery
