2242 3542
885 217 1167 253 PRAEFATIO.
1856 217 1881 250 V

183 329 379 372 confecta
419 332 486 370 est
526 329 717 384 epitoma
754 327 980 383 quaedam,
1024 342 1109 382 qua
1152 327 1324 382 quidem
1368 340 1418 367 ex
1461 325 1651 380 epitoma
1690 328 1886 379 superest

182 400 334 442 folium
375 415 505 442 unum
543 399 803 453 palimpsesti
843 398 1115 440 Tauriuensis
1152 396 1214 454 (v.
1241 398 1293 439 ad
1326 396 1407 450 VI,
1439 394 1503 452 9).
1566 411 1696 438 nono
1736 395 1884 437 deinde

182 471 353 513 saeculo
392 485 489 512 cum
521 471 713 513 Sedulius
744 469 903 511 Scottus
941 469 1019 510 has
1059 468 1268 523 epistulas
1305 467 1478 524 legiffl),
1521 470 1614 510 tum
1652 482 1799 509 earum
1837 467 1887 508 fit

185 541 364 596 mentio,
396 545 445 583 ut
476 542 664 595 videtur,
697 556 721 582 a
753 540 919 582 Servato
952 539 1088 593 Lupo,
1124 540 1297 582 homine
1331 538 1624 581 eruditissimo
1660 536 1715 593 (v.
1749 537 1886 579 Ebert

184 612 422 655 ‘Literatur
454 613 490 654 d.
523 612 819 654 Mittelalters'
850 610 892 652 II
925 626 964 666 p.
992 612 1076 652 203
1093 626 1172 665 sq.‚
1211 610 1378 651 Traube
1419 608 1641 653 Sita-Ber.
1673 609 1709 650 d.
1745 609 1886 663 bayer.

182 716 431 752 litteraturae'
456 719 653 759 amatores,
674 715 769 750 nihil
789 716 888 760 quod
908 716 979 750 huc
999 715 1186 760 pertineat
1204 715 1345 749 habent
1365 714 1499 749 Alcuin
1519 714 1611 759 (Alc.
1626 724 1681 759 ep.
1702 725 1736 758 p.
1754 716 1821 746 144
1831 724 1883 756 sq.

183 765 239 800 ed.
267 764 388 809 Iaffe),
420 764 594 808 Einhart,
621 763 819 798 Hrabanus
845 763 1012 804 Maurus,
1045 762 1268 796 Paschasius
1300 762 1510 796 Radbertus
1541 760 1689 807 (patrol.
1717 760 1797 795 Lat.
1829 759 1885 795 ed.

183 812 308 858 Migne
322 813 348 847 t.
366 814 458 856 120),
474 812 718 846 Astronomus
733 809 1082 854 (‘vit.Hludowici’:
1097 810 1195 844 Mon.
1206 809 1325 844 Germ.
1335 809 1430 844 Hist.
1446 809 1577 854 Script.
1593 811 1618 844 t.
1634 809 1666 843 II
1680 820 1714 853 p.
1729 811 1795 842 604
1805 810 1886 851 sq.),

183 871 226 894 ac
245 871 291 894 ne
311 859 392 904 ipse
407 859 557 904 quidem
571 858 805 903 Hadoardus,
826 858 930 892 cuius
945 857 1120 892 Tulliana
1135 856 1261 890 studia
1274 867 1392 901 nuper
1408 856 1614 891 illustravit
1627 855 1665 891 P.
1683 855 1885 890 Schwenke

181 906 328 952 (philol.
362 906 482 952 suppl.
509 906 551 941 V.
581 909 682 940 1889.
715 918 749 951 p.
770 909 838 939 390
854 907 932 950 sq.).
983 916 1051 939 nec
1083 904 1204 949 magis
1238 906 1375 938 norunt
1406 903 1592 939 Ciceronis
1625 902 1805 948 epistulas
1841 913 1884 937 ex

181 953 396 1000 posterioris
435 953 518 988 aevi
556 952 768 988 hominibus
807 952 986 987 litteratis
1026 952 1152 987 Gunzo
1191 951 1432 986 Novariensis
1471 952 1557 996 (‘ep.
1598 951 1646 985 ad
1681 950 1886 993 Augienses

180 1001 350 1036 fratres':
388 1001 522 1046 patrol.
549 1000 630 1036 Lat.
658 1002 683 1035 t.
707 1004 773 1035 136
804 1012 839 1045 p.
864 1003 953 1033 1283
970 1002 1054 1044 sq.),
1093 999 1260 1043 Ruotger
1292 998 1387 1041 (fvit.
1415 998 1646 1041 Brunonis'),
1679 996 1887 1031 Widukind

181 1050 280 1093 Uter.
301 1050 394 1094 gest.
416 1048 594 1093 Saxon.'),
621 1047 823 1082 Ratherius
843 1046 1068 1082 Veronensis
1088 1046 1236 1091 (patrol.
1257 1046 1337 1080 Lat.
1359 1048 1384 1081 t.
1410 1050 1474 1079 136
1495 1058 1529 1090 p.
1553 1049 1618 1080 146
1631 1048 1709 1089 sq.),
1731 1044 1889 1079 Gerbert

186 1099 258 1142 (op.
285 1096 342 1132 ed.
370 1095 504 1131 Olleris
530 1108 565 1140 p.
587 1099 607 1129 3
623 1098 709 1140 sq.),
741 1094 898 1140 Heriger
923 1094 1070 1139 (patrol.
1097 1094 1178 1128 Lat.
1204 1095 1230 1128 t.
1254 1098 1320 1127 139
1346 1105 1381 1138 p.
1403 1096 1470 1127 999
1486 1095 1571 1137 sq.),
1608 1092 1743 1127 Richer
1768 1091 1886 1135 (hist.

182 1143 264 1179 libr.
284 1143 384 1188 IV'),
423 1143 631 1186 Thietmar,
671 1142 866 1187 episcopus
895 1141 1212 1186 Mei-seburgensis
1245 1140 1450 1186 (‘chronic.’
1481 1140 1536 1175 ed.
1564 1140 1602 1174 F.
1623 1140 1742 1174 Kurze
1770 1141 1886 1184 1889),

185 1191 294 1237 Wipo
314 1192 440 1236 (gest.
458 1190 669 1226 Chuonradi
683 1190 759 1235 11⁴),
779 1190 944 1223 Adamus
959 1188 1168 1223 Bremensis
1188 1190 1309 1233 (‘gest.
1326 1188 1592 1232 Hammaburg.
1608 1186 1694 1222 eccl.
1708 1186 1886 1232 pontiff),

183 1239 358 1274 Lambert
383 1237 656 1273 Hersfeldensis
683 1237 853 1282 (‘annal.’
884 1237 939 1272 ed.
964 1236 1079 1271 Hesse
1107 1238 1144 1271 et
1173 1235 1252 1271 ‘vin
1274 1235 1400 1278 Lulli’,
1426 1235 1586 1269 Monmn⁴
1611 1234 1730 1269 Germ.
1753 1233 1885 1278 Script.

182 1288 207 1321 t.
229 1286 296 1320 XV
326 1298 361 1331 p.
386 1289 450 1320 132
467 1290 553 1329 sq),
591 1285 714 1320 Bruno
752 1284 829 1329 (‘de
868 1284 968 1319 bello
1004 1284 1188 1327 Saxon.'),
1229 1283 1386 1327 scriptor
1422 1282 1523 1316 vitae
1561 1281 1712 1317 Henrici
1750 1281 1886 1325 quarti,

183 1333 373 1369 Conradus
409 1332 687 1378 Hirsaugiensis
727 1332 845 1375 (‘dial.
887 1343 964 1376 sup.
1003 1332 1186 1365 auctores'
1229 1330 1284 1365 ed.
1319 1329 1359 1364 G.
1389 1329 1545 1374 Schepss
1578 1328 1739 1364 Wirceb.
1769 1330 1886 1372 1889),

179 1381 348 1416 Herbord
375 1380 469 1425 (‘vit.
500 1379 663 1424 Ottonis,
692 1390 747 1424 ep.
775 1379 992 1422 Babenbsi,
1028 1378 1115 1413 Otto
1142 1377 1389 1423 Frisingensis
1416 1379 1453 1411 et
1478 1375 1676 1420 Rahewin,
1712 1375 1885 1410 Helmold

180 1427 373 1472 g‘chronic.
402 1427 534 1472 Slavfl),
562 1429 599 1462 et
624 1427 766 1462 Arnold
793 1426 1041 1470 continuator,
1069 1425 1292 1468 Gulielmus,
1321 1424 1482 1469 archiep.
1511 1423 1644 1468 Tyrius
1670 1423 1787 1468 (‘hist.
1816 1434 1883 1458 rer.

181 1476 220 1510 in
244 1478 340 1521 part.
367 1474 604 1510 transmarin.
625 1475 763 1520 gest.’‘>,
793 1473 868 1509 alii.
914 1473 1012 1518 quod
1034 1474 1160 1508 autem
1179 1472 1228 1506 M.
1250 1471 1428 1506 Manitius
1449 1471 1521 1506 sibi
1540 1470 1728 1516 persuasit
1747 1469 1885 1516 epistu-

181 1523 302 1558 larum
327 1522 500 1558 lectionis
521 1521 682 1567 vestigia
704 1522 883 1566 adparere
904 1521 1003 1566 apud
1024 1521 1296 1563 Astronomum,
1324 1519 1607 1563 Widukindum,
1633 1518 1884 1562 Lambertum,
1909 1540 1925 1553 .

180 1570 424 1605 Rahewinum
456 1573 502 1613 (V.
533 1569 665 1604 ‘neues
693 1568 849 1603 Archiv’
876 1569 902 1603 t.
924 1568 973 1603 XI
998 1581 1031 1613 p.
1057 1572 1096 1602 71
1126 1569 1164 1602 et
1189 1571 1253 1608 62,
1280 1567 1348 1601 ΧΠ
1372 1579 1407 1612 p.
1430 1569 1496 1600 382
1524 1567 1562 1601 et
1587 1567 1687 1610 368),
1720 1565 1880 1601 fallitur:

180 1618 272 1653 locis
299 1628 390 1662 quos
417 1617 540 1652 adfert
564 1616 618 1651 rei
645 1615 852 1651 similitudo
878 1615 1051 1650 fallacem
1084 1614 1272 1659 quandam
1303 1614 1449 1659 peperit
1478 1614 1675 1648 verborum
1707 1612 1886 1647 similitu-

181 1665 307 1700 dinem
326 1686 369 1690 -
389 1675 539 1710 prorsus
566 1664 676 1698 aliter
702 1674 744 1698 ac
772 1664 914 1697 factum
939 1663 1108 1697 videmus
1136 1673 1158 1696 a
1177 1661 1426 1706 Liudprando,
1454 1661 1518 1705 qui
1537 1672 1668 1705 reapse
1688 1659 1774 1695 illas
1794 1660 1888 1705 legit

181 1716 227 1758 (v.
253 1712 375 1757 infra).
421 1713 534 1756 atque
561 1711 710 1746 omnino
733 1710 907 1745 universa
926 1709 1075 1744 Manitii
1095 1709 1133 1744 in
1154 1708 1385 1744 excutiendis
1405 1708 1520 1742 medii
1541 1707 1625 1742 aevi
1645 1707 1886 1752 scriptoribus

180 1760 275 1794 ratio
301 1770 375 1794 non
405 1760 530 1804 potest
560 1758 720 1804 probari.
772 1757 932 1802 denique
963 1768 1009 1792 ne
1041 1756 1124 1801 quis
1155 1758 1265 1801 putet
1295 1756 1506 1790 Brunonem
1532 1755 1608 1800 (‘de
1638 1755 1673 1790 b.
1701 1755 1799 1790 Sax.'
1825 1759 1884 1790 92:

184 1808 241 1850 'ut
267 1807 312 1842 de
340 1817 382 1842 eo
408 1817 494 1841 vere
519 1808 647 1851 posset
671 1805 776 1840 nasci
801 1804 1050 1850 proverbium,
1077 1804 1166 1848 quia
1192 1805 1271 1838 tam
1297 1803 1390 1847 vigil
1415 1814 1478 1838 rex
1505 1805 1612 1846 esset,
1641 1804 1683 1836 ut
1711 1801 1750 1836 in
1770 1813 1884 1846 regno

120 1854 128 1859 ’
181 1866 246 1890 suo
272 1865 476 1898 numquam
495 1853 653 1888 vidisset
673 1853 872 1898 somnum')
898 1852 978 1897 ipso
999 1851 1174 1887 Cicerone
1202 1853 1272 1896 (ep.
1294 1851 1372 1891 VII,
1395 1854 1451 1893 30,
1474 1852 1508 1892 1)
1536 1861 1644 1884 11811111
1665 1861 1756 1894 csse,
1784 1851 1885 1884 recte

179 1901 435 1937 Wattenbach
474 1912 517 1935 ex
550 1900 740 1936 Macrobio
775 1900 841 1946 (II,
869 1906 905 1941 3,
934 1902 969 1944 6)
1008 1900 1102 1934 haec
1139 1898 1288 1933 fluxisse
1325 1898 1523 1933 adnotavit
1557 1919 1596 1922 —
1632 1897 1696 1941 qui
1734 1897 1885 1941 quidem

179 1949 359 1984 Macrobii
386 1949 507 1992 locus,
535 1950 576 1982 ut
601 1947 671 1983 hoc
698 1948 855 1990 addam,
883 1946 1080 1982 Vincentio
1114 1957 1261 1991 quoque
1288 1945 1524 1981 Cracoviensi
1557 1944 1712 1987 (‘cl1r0n.
1740 1944 1883 1979 Polon.’

180 2009 214 2042 p.
236 2000 280 2031 22
301 1996 358 2032 ed.
379 2007 410 2031 a.
435 1999 539 2041 1862)
568 1995 786 2030 obversatus
808 1998 874 2030 est.
921 1995 1013 2029 haec
1034 1994 1150 2039 igitur
1168 1994 1351 2028 hactenus
1372 1993 1416 2027 de
1438 1992 1692 2037 scriptoribus,
1713 1993 1886 2037 possunt-

180 2055 252 2089 que
278 2043 436 2079 conferri
462 2043 577 2078 etiam
610 2054 654 2078 ea
687 2053 782 2087 quae
808 2043 886 2077 Att.
914 2042 1041 2077 Hortis
1075 2041 1247 2086 exposuit
1275 2041 1344 2076 εΜ.
1371 2041 1410 2076 T.
1439 2040 1614 2074 Cicerone
1646 2039 1744 2074 nelle
1776 2050 1885 2084 opere

181 2091 241 2128 del
266 2091 444 2126 Petrarca
476 2102 495 2126 e
528 2090 588 2125 del
621 2090 837 2125 Boccaccio'
873 2090 1064 2135 (Tergeste
1091 2090 1197 2134 1878)
1229 2101 1263 2134 p.
1288 2092 1329 2122 13
1342 2100 1394 2133 sq.
1426 2110 1466 2112 —
1500 2090 1648 2132 praeter
1687 2086 1886 2131 scriptores

182 2141 304 2174 autem
333 2150 417 2174 cum
441 2138 596 2173 maximi
616 2137 796 2172 momenti
817 2137 892 2172 sint
912 2136 1078 2183 catalogi
1097 2136 1254 2180 antiqui,
1280 2135 1424 2181 perlegi
1446 2146 1529 2170 011111
1550 2134 1757 2180 singulares
1779 2135 1884 2179 quot-

180 2198 337 2231 cumque
363 2185 528 2231 nanciscj
553 2185 669 2231 potui,
698 2190 776 2220 tum
795 2184 943 2220 versavi
969 2195 1066 2229 quae
1087 2183 1135 2218 ad
1155 2194 1306 2230 manum
1328 2184 1435 2217 erant
1455 2182 1693 2217 collectiones
1712 2182 1885 2226 maiores,

179 2234 284 2269 velut
312 2233 505 2279 ‘Serapei'
537 2233 743 2277 volumina,
781 2231 982 2277 Hartwigii
1010 2231 1228 2267 ‘CentralbL
1255 2231 1279 2265 f.
1306 2229 1682 2265 Bibliothekswesen'
1714 2233 1804 2263 1884
1819 2241 1884 2273 sq.,

181 2281 359 2327 Leopoldi
384 2280 524 2316 Delisle
557 2279 734 2315 ‘Cabinet
765 2279 830 2315 des
861 2279 1101 2314 Manuscrits'
1139 2278 1186 2314 al.
1231 2278 1434 2312 immensae
1470 2279 1598 2312 tamen
1629 2276 1738 2311 molis
1771 2275 1884 2320 illius,

181 2339 277 2374 quae
302 2339 349 2364 ne
373 2328 465 2374 ipsis
492 2327 643 2372 quidem
674 2326 964 2373 pinacographis
997 2327 1079 2361 tota
1110 2326 1187 2360 iam
1213 2327 1270 2360 est
1295 2326 1385 2360 nota
1413 2328 1459 2370 (v.
1489 2324 1555 2360 Th.
1578 2323 1744 2359 Gottlieb
1780 2323 1886 2358 'iiber

181 2375 427 2412 mittelalterk
454 2374 733 2410 Bibliotheken'
762 2374 860 2419 Lips.
884 2377 975 2408 1890
1000 2373 1143 2419 praefi),
1170 2373 1292 2408 fontes
1318 2372 1392 2417 ipsi
1413 2384 1497 2406 cum
1516 2371 1720 2406 maximam
1738 2372 1885 2416 partem

181 2434 256 2459 non
280 2423 472 2470 potuerint
497 2422 730 2468 suppeditari
759 2433 781 2457 a
805 2421 1038 2456 bibliotheca
1063 2422 1212 2464 nostra,
1239 2431 1314 2454 non
1338 2419 1503 2454 mirabor
1528 2419 1560 2453 si
1584 2418 1742 2463 posthac
1768 2417 1887 2453 maior

181 2470 427 2517 epistularum
451 2469 590 2505 notitia
615 2469 720 2504 illinc
747 2468 952 2504 effodietur.
999 2470 1128 2515 [unum
1153 2467 1230 2502 iam
1255 2478 1353 2502 nunc
1378 2466 1516 2502 addere
1541 2478 1692 2511 possum
1719 2465 1885 2500 testimo·
1943 2485 1947 2488 ·

181 2518 294 2555 nium.
339 2517 477 2563 quippe
503 2528 584 2552 cum
612 2517 689 2552 iam
714 2516 860 2563 pridem
885 2517 984 2551 esset
1009 2515 1181 2550 absoluta
1202 2515 1295 2550 haec
1314 2515 1443 2548 nostra
1461 2512 1659 2558 praefatio,
1684 2512 1886 2548 Novembri

181 2577 227 2600 111.
242 2565 352 2600 11111118
367 2565 455 2600 anni
470 2564 637 2600 adfertur
652 2564 772 2599 musei
785 2563 955 2599 Rhenani
975 2565 1001 2598 t.
1017 2563 1148 2597 XLVIl
1168 2562 1478 2607 supplementum,
1499 2560 1539 2595 in
1553 2572 1625 2605 quo
1642 2559 1689 2595 M.
1704 2559 1885 2594 Manitius

182 2612 366 2647 laudabili
391 2623 481 2646 sane
506 2623 619 2657 opera
645 2611 866 2656 scriptorum
891 2611 1143 2646 Romanorum
1175 2621 1219 2644 ex
1253 2608 1435 2654 catalogis
1468 2607 1634 2652 antiquis
1666 2607 1885 2642 memoriam

182 2659 335 2705 collegit
362 2659 584 2694 universam.
636 2658 850 2693 Tullianam
880 2657 997 2703 igitur
1028 2657 1177 2692 Manitii
1208 2658 1353 2701 partem
1387 2658 1435 2701 (p.
1458 2659 1502 2689 14
1517 2658 1585 2699 sq.)
1619 2666 1702 2689 cum
1734 2656 1885 2689 conten-

185 2707 311 2741 derem
336 2717 419 2741 cum
446 2705 570 2750 opella
596 2716 696 2749 mea,
722 2705 799 2740 vidi
827 2705 943 2740 fuisse
968 2715 1062 2740 saec.
1084 2705 1151 2738 XII
1178 2703 1278 2748 apud
1303 2702 1558 2738 Massilienses
1590 2702 1628 2736 in
1659 2701 1886 2736 monasterio

185 2754 219 2789 S.
248 2753 410 2788 Victoris
447 2752 640 2798 ‘epistolas
671 2752 799 2787 Tullii'
839 2755 887 2797 (v.
921 2751 1347 2797 Champollion-Figeac
1388 2750 1620 2785 ‘documents
1660 2748 1886 2793 historiques

179 2800 334 2836 inedits'
363 2801 388 2836 I.
415 2799 570 2834 Parisiis
597 2802 698 2835 1841.
725 2812 760 2844 p.
782 2803 849 2833 663
876 2811 910 2834 n.
933 2799 1044 2844 188).]

302 2850 337 2892 1)
364 2849 495 2883 extant
519 2847 558 2881 in
584 2846 710 2882 codice
737 2845 882 2881 Cusano
909 2846 934 2881 C
958 2850 1000 2880 14
1026 2856 1121 2881 saec.
1143 2845 1210 2879 XII
1237 2846 1412 2890 excerpta
1437 2843 1545 2879 varia
1564 2843 1603 2878 in
1623 2843 1752 2888 eisque
1772 2843 1887 2878 etiam

183 2895 279 2931 duae
305 2894 492 2931 Ciceronis
519 2893 764 2939 epistularum
789 2893 1040 2928 miscellamm
1065 2891 1290 2938 particulae:
1327 2893 1402 2932 XV,
1426 2896 1463 2934 6,
1486 2895 1521 2927 1:
1559 2892 1618 2925 ‘ea
1644 2891 1702 2925 est
1726 2890 1887 2926 iocunda

183 2943 281 2987 laus,
321 2953 416 2987 quae
443 2942 490 2976 ab
520 2941 578 2976 his
611 2940 871 2986 proficiscitur,
911 2940 975 2984 qui
1006 2939 1079 2984 ipsi
1111 2939 1149 2974 in
1181 2939 1291 2974 laude
1325 2939 1510 2974 vixerunt'
1547 2949 1604 2983 ap.
1631 2937 1820 2972 Kleinium
1845 2959 1884 2963 —-

183 3001 292 3035 quem
316 2992 443 3024 tamen
469 2989 573 3034 origo
600 2988 698 3033 fugit
720 3009 760 3013 —-
782 3000 816 3032 p.
839 2991 923 3032 117,
951 2989 989 3022 et
1012 2987 1113 3031 XVI,
1134 2991 1196 3031 26,
1219 2991 1254 3022 1:
1297 2986 1426 3021 ‘huius
1459 2985 1591 3031 culpae
1624 2996 1698 3020 non
1731 2984 1886 3031 effugies

182 3038 330 3083 penam'
360 3048 418 3082 ap.
444 3036 633 3071 Kleinium
660 3049 692 3080 p.
716 3039 779 3070 111
808 3037 846 3070 et
871 3047 904 3079 p.
928 3038 1004 3070 118.
1049 3034 1168 3070 redire
1195 3036 1321 3069 autem
1340 3035 1514 3078 excerpta
1533 3032 1600 3067 illa
1620 3032 1669 3067 ad
1689 3031 1883 3068 Sedulium

182 3086 267 3130 post
292 3083 571 3119 Mommsenium
605 3083 741 3128 (Herm.
763 3082 846 3116 XIII
872 3094 905 3126 p.
928 3086 996 3117 298
1011 3084 1078 3127 sq.)
1109 3081 1253 3126 liquido
1285 3092 1401 3126 nuper
1433 3079 1705 3115 demonstravit
1738 3079 1884 3114 Traube

183 3133 236 3177 (ὀ
261 3132 381 3167 Roma
406 3130 557 3165 nobilis'
587 3143 622 3175 p.
643 3134 686 3164 68
702 3142 754 3174 sq.
783 3129 860 3164 sive
890 3128 1040 3165 ‘AbhdL
1063 3129 1096 3164 d.
1118 3129 1242 3173 bayer.
1264 3129 1346 3164 Aks
1379 3129 1386 3162 l
1417 3127 1461 3163 cl.
1482 3127 1552 3163 vol.
1577 3131 1632 3172 19,
1655 3131 1674 3162 2
1701 3139 1734 3172 p.
1753 3130 1820 3161 364
1832 3138 1884 3170 sq.

185 3190 216 3214 a.
242 3181 356 3224 1891).
