2242 3496
506 203 841 238 EPISTVLAIWM
871 204 962 237 ΧΙΙΙ.
991 207 1044 237 45.
1073 207 1127 237 46.
1155 206 1209 236 47.
1239 206 1291 236 48.
1320 206 1373 236 w.
1403 206 1457 236 50.
1742 202 1827 242 3139

793 345 991 388 XLVIII.
1036 343 1175 402 (186.)

329 440 540 483 CICERO
576 441 620 484 c.
648 440 913 483 SEXTILIO
948 440 1103 482 RVFO
1140 438 1475 490 QVAESTORI
1510 437 1551 480 S.
1583 437 1635 480 D.

252 535 404 578 Omnis
438 536 518 577 tibi
552 537 802 578 commendo
836 535 1039 590 Cyprios,
1078 535 1150 576 sed
1183 535 1322 590 magis
1355 533 1562 589 Paphios,
1595 532 1750 588 quibus
1784 535 1831 573 tu

134 621 427 662 quaecumque
461 607 758 656 commodaris,
791 610 917 648 crunt
950 606 1056 647 mihi
1089 606 1359 661 gratissima,
1391 619 1524 659 eoque
1556 604 1667 646 facio
1700 603 1832 644 liben-

97 678 232 732 atius,
264 680 312 718 ut
345 692 417 719 eos
449 678 530 719 tibi
561 678 871 732 commendem,
905 677 1017 731 quod
1050 679 1093 717 et
1125 679 1223 718 tuae
1256 676 1390 729 laudi,
1423 676 1543 717 cuius
1576 689 1656 730 ego
1690 674 1833 716 fautor

132 763 240 804 sum,
261 749 496 791 conducere
518 749 718 803 arbitror,
739 763 835 790 cum
859 747 1024 802 primus
1046 748 1090 788 in
1111 762 1205 788 eam
1225 747 1408 788 insulam
1432 749 1636 801 quaestor
1656 745 1831 800 veneris,

131 835 181 862 ea
213 823 255 861 te
288 819 529 874 instituere,
562 834 669 874 quae
703 821 937 873 sequantur
969 818 1054 872 alii,
1088 832 1209 872 quae,
1240 821 1289 859 ut
1322 832 1458 872 spero,
1490 816 1659 859 facilius
1687 831 1831 858 conse-

132 905 274 945 quere,
306 890 342 931 si
375 892 419 932 et
450 889 493 930 P.
520 889 707 943 Lentuli,
738 888 970 930 necessarii
1001 888 1077 942 tui,
1110 888 1251 943 legem
1284 891 1326 929 et
1358 903 1419 942 ea,
1452 902 1559 942 quae
1587 902 1612 928 a
1637 902 1703 929 me
1734 902 1830 929 con—

130 962 288 1003 stituta
309 964 419 1015 sunt,
445 960 568 1015 sequi
587 960 787 1014 volueris,
815 974 944 1014 quam
964 974 1055 1001 rem
1075 959 1158 1000 tibi
1185 959 1352 1000 confido
1381 973 1562 1014 magnae
1582 959 1699 1000 laudi
1726 958 1830 1000 fore.

79 1104 112 1129 10
814 1087 967 1130 XLIX.
1011 1086 1150 1145 (191.)

637 1181 849 1226 oloERo
885 1182 1061 1226 CVRIO
1093 1182 1327 1226 Paooos.

248 1279 294 1330 Q.
327 1279 559 1335 Pompeius
601 1278 694 1322 Sex.
733 1278 760 1320 f.
799 1279 947 1320 multis
986 1282 1029 1321 et
1067 1279 1283 1320 veteribus
1322 1279 1462 1320 causis
1500 1278 1828 1320 necessitudinis

131 1352 237 1394 mihi
270 1351 523 1394 coniunctus
557 1353 644 1392 est:
677 1350 726 1404 is,
760 1365 857 1392 cum
890 1353 1016 1391 antea
1047 1350 1154 1391 meis
1188 1349 1632 1391 commendationibus
1665 1352 1708 1391 et
1739 1364 1830 1391 rem

131 1426 175 1465 et
206 1423 394 1479 gratiam
426 1425 469 1464 et
500 1422 805 1464 auctoritatem
839 1436 959 1462 suam
991 1421 1105 1462 tueri
1137 1421 1366 1475 consuerit,
1402 1435 1514 1462 nunc
1547 1420 1755 1475 profecto,
1787 1423 1830 1461 te

79 1506 111 1531 15
130 1494 397 1549 provinciam
429 1494 672 1548 optinente,
704 1492 810 1534 meis
843 1492 1001 1533 litteris
1035 1492 1211 1546 adsequi
1244 1492 1388 1544 debet,
1420 1494 1468 1532 ut
1499 1492 1662 1533 nemini
1694 1506 1738 1533 se
1770 1491 1831 1533 in-

129 1565 312 1621 tellegat
337 1564 748 1607 commendatiorem
775 1578 980 1618 umquam
1006 1563 1152 1604 fuisse.
1204 1563 1484 1617 quamobrem
1511 1577 1536 1604 a
1556 1565 1598 1604 te
1622 1562 1831 1604 maiorem

129 1636 174 1677 in
206 1636 380 1678 modum
412 1638 526 1690 peto,
557 1638 628 1690 ut,
662 1650 758 1677 cum
792 1634 930 1676 omnis
963 1649 1081 1676 meos
1114 1648 1246 1688 aeque
1279 1648 1328 1674 ac
1360 1636 1458 1674 tuos
1492 1648 1719 1688 opservare
1751 1648 1829 1688 pro

130 1706 445 1748 necessitudine
478 1709 630 1748 nostra
661 1706 834 1756 debeas,
875 1706 990 1747 hunc
1021 1705 1067 1746 in
1096 1705 1249 1759 primis
1282 1704 1346 1744 ita
1376 1704 1421 1745 in
1452 1707 1572 1745 tuam
1604 1704 1735 1750 fidem
1770 1718 1831 1745 re-

131 1778 278 1832 cipias,
309 1779 358 1819 ut
389 1778 480 1832 ipse
506 1777 733 1832 intellegat
757 1775 922 1818 nullam
947 1790 1038 1817 rem
1065 1775 1148 1816 sibi
1175 1774 1328 1816 maiori
1354 1775 1451 1816 usui
1478 1777 1552 1816 aut
1579 1777 1830 1817 ornamento

77 1862 111 1886 20
132 1863 263 1903 quam
294 1862 434 1890 meam
467 1847 885 1890 commendationem
917 1861 1010 1888 esse
1042 1846 1248 1901 potuisse.
1303 1845 1408 1887 vale.

867 1975 914 2018 L.
959 1973 1098 2033 (317.)

674 2070 886 2114 CICERO
922 2070 963 2113 S.
996 2070 1047 2113 D.
1078 2069 1291 2113 ACILIO.

250 2165 425 2222 Sumpsi
462 2167 544 2209 hoc
582 2167 689 2208 mihi
726 2181 804 2221 pro
843 2169 918 2208 tua
955 2166 1001 2206 in
1038 2180 1105 2206 me
1147 2164 1440 2219 opservantia,
1486 2180 1614 2220 quam
1657 2166 1829 2221 penitus

129 2238 346 2292 perspexi,
387 2238 592 2292 quamdiu
622 2236 843 2279 Brundisii
874 2236 1052 2290 fuimus,
1089 2238 1138 2276 ut
1170 2235 1223 2276 ad
1254 2237 1296 2276 te
1328 2235 1602 2277 familiariter
1634 2239 1676 2277 et
1709 2237 1831 2291 quasi

79 2321 112 2347 25
130 2323 208 2363 pro
241 2323 336 2350 meo
368 2308 460 2350 iure
494 2308 738 2360 scriberem,
771 2307 807 2348 si
840 2321 948 2365 quae
979 2321 1048 2348 res
1081 2308 1206 2361 esset,
1238 2306 1288 2347 de
1319 2320 1403 2360 qua
1428 2305 1550 2348 valde
1575 2305 1830 2349 laborarem.

129 2377 204 2420 M'.
232 2378 404 2432 Curius,
446 2379 520 2434 qui
551 2378 693 2420 Patris
725 2377 991 2433 negotiatur,
1029 2377 1092 2418 ita
1123 2377 1230 2418 mihi
1260 2376 1487 2418 familiaris
1520 2379 1604 2431 est,
1641 2379 1691 2417 ut
1722 2377 1831 2418 nihil

130 2450 270 2504 possit
301 2465 394 2492 esse
426 2449 715 2492 coniunctius:
759 2448 898 2490 multa
928 2447 1044 2489 illius
1076 2448 1121 2489 in
1152 2462 1219 2489 me
1259 2447 1415 2501 officia,
1452 2447 1589 2488 multa
1625 2447 1671 2488 in
1707 2447 1831 2489 illum

131 2534 244 2575 mea,
285 2521 482 2576 quodque
514 2520 749 2562 maximum
781 2522 862 2574 est,
908 2533 1099 2561 summus
1137 2519 1250 2560 inter
1285 2533 1365 2560 nos
1405 2533 1525 2560 amor
1563 2521 1606 2559 et
1642 2521 1830 2560 mutuus.

132 2605 240 2646 quae
280 2606 377 2634 cum
413 2592 477 2633 ita
513 2592 618 2646 sint,
660 2591 697 2632 si
734 2590 868 2632 ullam
904 2590 950 2632 in
987 2589 1180 2631 amicitia
1216 2603 1312 2630 mea
1350 2603 1470 2644 spem
1506 2588 1659 2642 habes,
1697 2589 1733 2630 si
1770 2603 1831 2643 ea,

79 2675 114 2700 30
134 2676 242 2717 quae
281 2662 326 2704 in
363 2677 430 2704 me
470 2661 613 2705 officia
650 2664 694 2703 et
731 2661 874 2702 studia
910 2660 1130 2702 Brundisii
1168 2660 1411 2713 contulisti,
1451 2660 1516 2702 vis
1555 2659 1662 2700 mihi
1700 2659 1831 2701 etiam

250 2782 282 2814 4.
310 2788 426 2823 eoque
452 2777 550 2812 facio
576 2777 637 2821 M,
665 2787 756 2821 eque
781 2775 875 2811 satio
900 2775 956 2820 D,
982 2775 1080 2810 facio
1106 2775 1152 2810 H
1171 2776 1182 2819 ΙΙ
1208 2779 1239 2810 5.
1267 2775 1366 2819 quod
1393 2775 1445 2820 et]
1473 2774 1573 2819 quod
1598 2775 1802 2810 Lambinus
1821 2775 1832 2819 [ᾗ

134 2828 164 2861 7.
191 2826 302 2870 quod,
328 2827 371 2860 ut
396 2835 502 2870 spero
524 2825 747 2869 Wesenbery,
771 2824 925 2858 iniuria.
969 2824 1015 2867 cf.
1042 2823 1233 2857 Lehmann
1253 2835 1290 2866 p.
1314 2824 1357 2856 78
1394 2823 1406 2866 ΙΙ
1444 2825 1475 2856 8.
1503 2826 1533 2857 9.
1560 2821 1736 2856 instituta
1761 2821 1806 2856 H
1820 2825 1822 2862 l

133 2875 188 2908 11.
215 2871 323 2908 Curio
349 2871 508 2917 (curioni
532 2872 602 2917 D)]
639 2872 684 2914 cf.
712 2871 872 2905 lVillems
899 2871 952 2904 ‘le
976 2871 1098 2905 δίκαι’
1126 2874 1150 2904 t.
1170 2869 1187 2903 I
1208 2882 1245 2914 p.
1267 2872 1352 2912 493,
1376 2871 1443 2903 194
1474 2870 1486 2912 ΙΙ
1518 2872 1571 2903 12.
1600 2868 1641 2910 Q.
1668 2881 1734 2904 om.
1762 2843 1832 2915 Hit

135 2923 188 2954 14.
216 2920 403 2955 consuerit
429 2920 481 2963 M,
509 2918 703 2954 consueuit
723 2917 773 2959 D,
800 2916 1035 2952 consueuerit
1061 2916 1106 2950 H
1125 2918 1137 2960 ΙΙ
1163 2920 1217 2951 14.
1240 2920 1294 2951 15.
1320 2915 1511 2960 prouintia
1529 2917 1566 2950 te
1587 2916 1661 2950 obt.
1684 2916 1829 2961 111120.

131 2966 216 3002 vale
236 2979 301 3003 om.
321 2968 361 3002 D
391 2969 403 3011 ΙΙ
429 2971 512 3012 post
530 2967 624 3001 hanc
643 2965 835 3010 epistulam
854 2966 1028 2999 insertum
1047 2968 1096 2998 est
1115 2965 1156 2998 in
1178 2966 1218 2998 Ψ
1234 2964 1386 2998 alterum
1406 2964 1605 3007 exemplum
1624 2975 1676 3008 ep.
1691 2963 1735 3007 II,
1758 2967 1802 2998 14
1819 2964 1832 3010 Η

133 3016 189 3048 22.
209 3013 329 3050 Acih'o
350 3014 479 3050 Schz'c‘tz
507 3018 539 3049 et
565 3013 781 3048 Lallemancl
800 3012 877 3046 coll.
899 3011 978 3055 VH,
999 3014 1060 3054 3ος
1088 3014 1142 3054 31,
1169 3010 1288 3045 Aucto
1312 3012 1359 3053 Ψ,
1384 3009 1530 3045 AVCIO
1556 3011 1633 3045 ind.
1655 3011 1709 3054 M,
1735 3009 1830 3045 Auio

133 3061 209 3096 ind.
237 3061 307 3106 ΗΙΙ
325 3064 380 3096 25.
408 3061 441 3096 si
466 3071 562 3106 quae
588 3060 641 3104 M,
669 3059 700 3094 si
726 3069 801 3103 qua
827 3058 906 3093 HD
931 3060 942 3103 u
968 3061 1022 3093 26.
1049 3057 1130 3103 M'.]
1157 3069 1204 3092 m.
1235 3060 1274 3092 Ψ
1296 3058 1308 3102 ΙΙ
1333 3059 1387 3091 27.
1416 3056 1646 3092 coniunctius
1671 3057 1720 3101 D,
1747 3067 1831 3092 con-

133 3105 278 3143 iuncius
310 3109 367 3153 H,
405 3107 617 3144 coniunctio
650 3107 702 3141 M.
757 3104 1016 3152 <coniunctius
1055 3116 1167 3149 quam
1203 3105 1331 3139 nostra
1398 3103 1609 3139 coniunctio
1641 3104 1832 3140 Lehmann

133 3154 186 3199 (p.
209 3156 278 3201 90),
299 3160 446 3201 praeter
469 3156 709 3191 necessitatem
728 3155 739 3199 ΙΙ
759 3156 814 3189 28.
841 3152 1014 3197 quodque
1040 3152 1130 3196 HD,
1157 3162 1303 3196 quoque
1351 3151 1378 3186 I

206 3219 268 3247 Cre.
288 3228 332 3253 cp.
352 3220 397 3247 ed.
417 3219 698 3247 Mendelssohn.
1502 3213 1547 3245 24
