2242 3496
391 2142 409 2171 Ν.)

455 173 537 213 116
1052 170 1099 205 Μ.
1127 170 1269 205 TVLLI
1295 169 1544 206 CICERONIS

451 295 564 321 nunc
603 280 792 334 requiem
832 281 1008 331 quaerat
1046 293 1097 318 ex
1135 279 1303 334 magnis
1338 280 1711 335 occupationibus,
1751 281 1818 322 vel
1858 282 2044 336 erudito,
2076 282 2150 337 qui

453 366 620 404 semper
653 350 812 403 aliquid
846 363 897 388 ex
929 363 972 389 se
1004 352 1194 403 promat,
1233 350 1346 404 quod
1384 350 1492 392 alios
1531 351 1731 405 delectet,
1768 352 1910 406 ipsum
1949 353 2148 394 laudibus

452 422 673 473 inlustret,
712 420 777 460 sin
811 422 972 473 autem,
1011 419 1123 461 sicut
1155 421 1293 474 †hinc
1325 421 1442 463 dicas
1475 436 1608 476 seras,
1641 422 1831 464 lacrimis
1865 438 1913 465 ac
1944 423 2148 466 tristitiae

451 495 491 532 te
526 490 760 543 tradidisti,
799 490 942 544 doleo,
982 490 1082 544 quia
1119 491 1237 533 doles
1271 494 1314 533 et
1347 506 1522 547 angere,
1559 507 1648 534 non
1684 507 1862 546 possum
1899 497 1942 535 te
1974 509 2062 536 non
2093 519 2148 524 —-

450 562 485 602 si
519 560 734 614 concedis,
774 561 887 614 quod
920 561 1149 616 sentimus,
1188 564 1236 603 ut
1268 562 1447 604 liberius
1480 563 1670 605 dicamus
1706 590 1759 594 —
1793 579 2009 607 accusare:
2048 566 2148 620 quid

441 632 592 673 enim?
625 634 672 672 tu
700 631 818 672 solus
844 634 994 686 aperta
1020 646 1107 673 non
1133 631 1309 686 videbis,
1342 633 1415 687 qui
1446 636 1626 687 propter
1652 648 1829 676 acumen
1855 635 2148 678 occultissima

447 701 684 756 perspicis?
729 704 776 742 tu
813 716 901 743 non
938 701 1166 758 intelleges
1200 706 1242 745 te
1276 704 1462 757 querelis
1502 704 1731 746 cotidianis
1769 705 1878 746 nihil
1910 707 2147 761 proficere?

445 788 531 814 non
563 772 791 827 intelleges
819 772 1028 827 duplicari
1055 773 1381 829 sollicitudines,
1413 789 1518 828 quas
1546 775 1711 818 elevare
1743 779 1818 818 tua
1848 780 1890 818 te
1922 777 2148 831 prudentia

399 856 418 884 3
445 844 668 898 postulat?
727 844 840 898 quod
873 844 909 885 si
941 859 1027 886 non
1057 846 1275 900 possimus
1309 845 1472 900 aliquid
1504 847 1710 901 proficere
1744 848 1973 902 suadendo,
2006 848 2148 904 gratia

435 916 743 957 contendimus
778 918 820 956 et
852 917 1063 971 rogando,
1103 916 1138 957 si
1172 916 1273 970 quid
1305 919 1455 958 nostra
1493 931 1622 959 causa
1653 918 1736 972 vis,
1774 921 1823 959 ut
1854 918 1952 960 istis
1984 921 2027 960 te
2060 934 2146 961 mo-

444 987 583 1028 lestiis
616 986 733 1027 laxes
767 989 809 1027 et
842 986 894 1027 ad
928 987 1172 1029 convictum
1197 990 1394 1029 nostrum
1423 989 1571 1029 redeas
1604 987 1628 1013 ‘⁴²
1659 987 1683 1013 '5²
1716 989 1767 1030 ad
1796 989 2147 1032 consuetudinem

446 1058 512 1098 vel
544 1060 741 1098 nostram
780 1073 1051 1099 communem
1089 1057 1157 1099 vel
1195 1061 1314 1099 tuam
1353 1058 1487 1099 solius
1527 1074 1575 1100 ac
1612 1059 1845 1114 propriam.
1903 1061 2028 1115 cupio
2060 1076 2148 1103 non

445 1129 683 1170 obtundere
716 1132 779 1183 te,
818 1129 854 1183 si
892 1144 980 1170 non
1013 1129 1225 1170 delectare
1264 1132 1416 1171 nostro
1457 1129 1618 1171 studio:
1660 1130 1786 1184 cupio
1825 1131 2059 1187 deterrere,
2094 1147 2147 1174 ne

442 1191 693 1254 permaneas
732 1201 775 1241 in
814 1200 999 1255 incepto.
1061 1200 1203 1254 †cum
1248 1201 1354 1242 duae
1394 1215 1461 1241 res
1500 1201 1610 1241 istae
1655 1201 1897 1243 contrariae
1943 1217 2009 1244 me
2051 1218 2147 1245 con-

443 1271 640 1324 turbant,
679 1286 729 1311 ex
763 1271 918 1325 quibus
954 1274 1026 1312 aut
1058 1271 1103 1312 in
1136 1271 1273 1312 altera
1305 1272 1412 1313 mihi
1444 1272 1592 1327 velim,
1630 1273 1666 1313 si
1698 1276 1842 1327 potes,
1875 1273 2145 1329 obtemperes

443 1345 517 1383 aut
550 1342 593 1382 in
627 1341 765 1383 altera
795 1357 882 1383 non
916 1342 1117 1384 offendas.
1168 1343 1271 1384 vale.

1151 1497 1244 1539 XV.
1295 1495 1432 1554 (295.)

799 1610 855 1652 M.
890 1608 1102 1653 cicERo
1138 1608 1179 1652 3.
1213 1610 1262 1652 D.
1297 1610 1342 1651 L.
1375 1609 1628 1653 chcnio
1663 1611 1709 1660 Q.
1742 1611 1789 1654 F.

563 1705 713 1747 Omnis
766 1720 887 1746 amor
936 1709 1036 1747 tuus
1081 1721 1131 1747 ex
1178 1706 1377 1747 omnibus
1428 1706 1625 1759 partibus
1672 1721 1715 1747 se
1761 1707 1951 1748 ostendit
1994 1707 2039 1748 in
2083 1708 2143 1749 013

439 1776 618 1830 litteris,
659 1792 763 1830 quas
798 1792 822 1817 a
853 1780 896 1818 te
929 1778 1123 1831 proxime
1164 1777 1326 1831 accepi,
1364 1791 1450 1817 non
1488 1776 1560 1817 ille
1600 1777 1772 1831 quidem
1810 1778 1918 1818 mihi
1955 1779 2143 1833 ignotus,

440 1847 512 1888 sed
545 1850 690 1888 tamen
730 1851 882 1902 gratus
915 1851 958 1888 et
991 1851 1186 1904 optatus,
1227 1848 1410 1890 dicerem
1449 1848 1720 1901 <iucundus’,
1761 1848 1845 1889 nisi
1883 1849 1927 1890 id
1963 1849 2143 1891 verbum

439 1918 484 1959 in
517 1933 641 1959 omne
680 1921 852 1973 tempus
891 1919 1192 1973 perdidissem,
1230 1934 1367 1973 neque
1401 1919 1455 1960 ob
1490 1933 1584 1960 eam
1616 1933 1745 1960 unam
1784 1934 1976 1975 causam,
2014 1935 2143 1974 quam

439 1993 487 2030 tu
521 1990 753 2043 suspicaris
787 1992 829 2031 et
861 1990 906 2031 in
940 2005 1023 2044 qua
1056 2005 1122 2031 me
1158 1990 1392 2031 lenissimis
1426 1993 1469 2031 et
1502 1990 1813 2031 amantissimis
1843 1991 1984 2032 verbis
2016 1994 2143 2032 utens

438 2076 482 2101 re
523 2061 714 2115 graviter
753 2075 947 2115 accusas,
987 2062 1062 2102 sed
1100 2062 1232 2116 quod,
1271 2061 1390 2102 illius
1429 2061 1542 2102 tanti
1581 2061 1770 2102 vulneris
1810 2076 1916 2116 quae
1955 2062 2142 2103 remedia

439 2146 531 2172 esse
564 2131 791 2185 debebant,
824 2147 873 2173 ea
905 2132 1025 2173 nulla
1051 2136 1164 2174 sunt.
1217 2132 1318 2187 quid
1345 2132 1487 2173 enim?
1530 2133 1582 2173 ad
1615 2131 1832 2174 amicosne
1865 2132 2141 2189 confugiam?
2161 2149 2175 2173 2

437 2218 565 2256 quam
611 2203 737 2243 multi
783 2203 912 2244 sunt?
968 2203 1200 2245 habuimus
1246 2204 1359 2245 enim
1405 2203 1494 2244 fere
1540 2203 1797 2258 communis,
1843 2218 2025 2258 quorum
2067 2204 2140 2245 alii

439 2273 701 2328 occiderunt,
734 2274 806 2314 alii
833 2274 977 2315 nescio
1006 2290 1090 2329 quo
1116 2277 1244 2329 pacto
1276 2275 1583 2316 obduruerunt.
1632 2277 1775 2316 tecum
1801 2275 1942 2316 vivere
1968 2289 2140 2329 possem

436 2345 633 2400 equidem
660 2347 702 2385 et
728 2346 911 2387 maxime
934 2346 1105 2388 vellem:
1139 2349 1342 2400 vetustas,
1370 2361 1501 2400 amor,
1529 2345 1807 2400 consuetudo,
1834 2346 1976 2387 studia
2001 2347 2140 2402 paria3

554 2501 582 2531 1.
610 2498 722 2542 nunc]
750 2509 824 2531 non
850 2499 883 2531 ,Ω
912 2500 923 2542 Η
955 2498 1119 2542 requiem
1148 2500 1232 2542 GR,
1258 2498 1443 2543 requirem
1469 2499 1523 2543 M,
1550 2498 1754 2543 requietem
1780 2499 1859 2534 alii.
1897 2499 1943 2542 cf.
1971 2498 2073 2534 Neue
2098 2499 2138 2533 12

428 2556 466 2588 p.
489 2546 638 2588 568112.
669 2544 762 2591 (te)
790 2545 913 2589 ipsum
938 2547 1006 2580 alii
1032 2548 1042 2591 ΙΙ
1068 2550 1099 2581 3,
1128 2546 1224 2580 sicut
1250 2558 1315 2581 om.
1342 2547 1378 2582 R
1398 2548 1408 2591 Η
1428 2546 1514 2580 111110
1542 2546 1644 2580 dicas
1672 2557 1772 2580 seras
1799 2547 1853 2590 M,
1880 2545 2024 2581 indicas
2053 2547 2136 2590 GR,

434 2591 519 2625 hinc
540 2591 765 2626 discesseras
787 2604 824 2635 ς,
850 2595 934 2635 fort.
961 2599 1063 2634 recte,
1089 2593 1292 2628 inclinatus
1320 2605 1400 2628 eras
1422 2594 1600 2629 Strez’cher
1624 2594 1677 2638 (p.
1701 2595 1781 2637 173)
1803 2595 1814 2638 Ι]
1833 2597 1865 2628 4.
1891 2593 2044 2628 tradisti
2063 2595 2113 2628 M
2127 2601 2138 2639 gg

434 2638 536 2672 doles
563 2640 623 2682 M,
657 2639 781 2673 dolere
811 2640 859 2683 G,
894 2640 1020 2674 dolore
1046 2641 1082 2675 R
1115 2643 1125 2685 [Ι
1158 2643 1195 2675 et
1220 2642 1318 2684 MR,
1355 2652 1393 2675 se
1422 2642 1455 2676 G
1487 2643 1497 2685 Η
1528 2642 1682 2685 tangere
1711 2641 1745 2675 G
1776 2642 1787 2685 ΙΙ
1818 2641 1908 2686 11011]
1940 2651 2008 2675 1100
2039 2642 2129 2684 alii}

433 2690 463 2720 4.
481 2690 511 2720 5.
526 2697 601 2719 11011
627 2686 659 2719 31
679 2687 771 2729 MR,
800 2686 831 2720 si
857 2698 930 2721 non
952 2689 985 2723 G
1005 2690 1015 2732 ΙΙ
1037 2692 1067 2723 5.
1096 2689 1278 2723 concedas
1298 2690 1334 2724 R
1354 2691 1364 2733 11
1387 2692 1416 2723 7.
1444 2688 1626 2733 intelligis
1650 2689 1721 2723 GR
1741 2689 1752 2732 ll
1773 2692 1803 2722 8.
1830 2687 2011 2732 intelligis
2034 2688 2106 2723 GR
2134 2701 2136 2733 1

433 2744 524 2775 quas
552 2733 698 2768 eleuare
726 2734 786 2777 (2¹1.
816 2735 862 2779 G)
891 2736 974 2778 GR,
1001 2747 1075 2779 qua
1102 2747 1139 2770 se
1166 2736 1291 2770 leuare
1313 2737 1366 2779 M,
1394 2747 1486 2780 quas
1511 2736 1636 2770 levare
1663 2736 1732 2770 alia?
1750 2737 1761 2779 ΙΙ
1782 2738 1812 2769 9.
1838 2734 2022 2779 possimus
2042 2736 2135 2780 MR,

432 2791 627 2823 possumus
644 2782 676 2815 G
697 2783 707 2825 ΙΙ
732 2786 782 2816 10.
811 2783 847 2815 te
868 2783 960 2825 MR,
988 2784 1024 2816 te
1044 2782 1118 2817 tuis
1142 2784 1175 2818 G
1194 2786 1205 2828 Η
1227 2787 1279 2818 11.
1300 2784 1431 2817 redeas
1512 2783 1571 2827 ad,
1598 2786 1689 2816 5—ss
1711 2783 1778 2817 litt.
1799 2783 1918 2827 spatio
1938 2783 2060 2817 relicto
2080 2783 2135 2827 M,

435 2827 562 2861 redeas
585 2828 632 2861 ad
655 2829 699 2871 G,
726 2829 857 2862 redeas
885 2840 928 2862 ac
948 2830 995 2870 R,
1022 2832 1230 2866 coniectura
1250 2836 1355 2876 puto,
1380 2831 1511 2865 redeas
1533 2830 1627 2877 <et>
1650 2830 1698 2864 ad
1718 2830 1786 2872 P2,
1810 2829 1941 2862 redeas
1963 2828 2134 2877 (atque)

435 2873 480 2906 ad
501 2876 568 2908 alii
588 2876 598 2918 Η
620 2878 672 2909 14.
690 2876 788 2921 cum]
816 2887 914 2909 nunc
928 2877 1279 2923 Illartgsni-Laymza
1299 2880 1310 2923 ΙΙ
1329 2889 1386 2912 me
1402 2879 1494 2922 MG,
1521 2889 1567 2912 ne
1581 2878 1617 2912 R
1637 2879 1648 2922 ΙΙ
1668 2878 1788 2910 14.15.
1796 2876 2019 2919 perturbant
2034 2877 2105 2912 GR
2124 2879 2135 2923 1}

436 2940 488 2970 16.
516 2939 598 2972 vale
633 2952 698 2974 om.
726 2941 761 2975 R
793 2942 803 2984 ΙΙ
837 2944 890 2975 18.
924 2940 1044 2976 luceio
1071 2943 1124 2985 R,
1151 2933 1289 2988 lficeio,
1323 2955 1342 2977 c
1368 2955 1391 2978 a
1416 2956 1460 2978 m.
1483 2947 1514 2987 1,
1543 2943 1576 2977 G
1609 2943 1619 2986 [Ι
1654 2944 1706 2974 19.
1741 2939 1810 2985 013]
1843 2939 1902 2973 his
1927 2941 1978 2983 Ω,
2010 2940 2056 2974 iis
2084 2955 2102 2979 ς
2124 2943 2136 2988 1]

437 2987 491 3017 23.
519 2986 559 3017 tu
585 2997 650 3020 om.
677 2987 713 3021 R
734 2989 818 3031 1124.
846 2999 884 3021 re
911 2999 977 3022 om.
1004 2989 1040 3022 R
1061 2991 1146 3033 1126.
1175 3002 1331 3034 quorum
1404 2990 1486 3030 alii,
1514 2993 1533 3023 2
1562 2990 1630 3023 litt.
1655 2991 1747 3032 spat.
1774 2987 1824 3021 M
1837 2988 1849 3031 ΙΙ
1868 2990 1924 3022 27,
1951 2988 2133 3023 obdurue-

432 3032 518 3063 runt
537 3032 590 3074 R,
624 3033 833 3068 obduerunt
859 3035 920 3077 M,
953 3035 1184 3071 obdurarunt
1217 3038 1250 3073 G
1288 3040 1299 3082 Η
1337 3041 1391 3072 27.
1420 3041 1475 3071 28.
1508 3038 1632 3070 tecum
1663 3033 1788 3068 vivere
1819 3045 1928 3078 posse
1961 3036 2133 3080 equidem

432 3077 590 3110 maxime
611 3080 744 3113 vellem
765 3082 982 3125 Lambinus,
1007 3084 1129 3116 tecum
1156 3084 1292 3127 vivere,
1320 3084 1408 3131 <31>
1429 3094 1586 3128 possem,
1615 3081 1787 3124 equidem
1812 3081 1973 3117 maxime
1998 3084 2133 3118 vellem

432 3124 585 3169 Illadriss
611 3127 721 3168 Carisa
749 3129 844 3162 crit.'
872 3129 922 3161 ῙΠ
945 3141 982 3172 1).
1007 3133 1086 3174 157)
1117 3132 1128 3174 11
1161 3134 1215 3166 28.
1243 3131 1403 3165 maxime
1431 3131 1484 3174 M,
1514 3128 1741 3175 permaximo
1770 3129 1842 3163 GR

2167 934 2200 957 10

2168 1287 2200 1313 15

2163 1794 2198 1818 20
