2242 3496
624 194 962 231 EPISTVLARVM
989 193 1082 229 XIII.
1113 197 1165 228 17.
1196 197 1248 228 13.
1278 196 1330 228 19.
1741 188 1826 230 353

133 306 215 348 tibi
244 306 408 362 gratias
436 319 576 361 agere,
607 319 719 346 nunc
745 304 870 359 plane
897 317 978 359 ago
1005 307 1130 357 teque
1157 302 1220 343 ita
1246 299 1492 343 existimare
1519 298 1629 352 volo,
1656 298 1828 353 quibus-

133 391 314 432 cumque
347 375 501 417 officiis
534 376 578 417 in
604 375 840 430 Epiroticis
867 375 1128 429 reliquisque
1155 373 1282 415 rebus
1309 371 1506 414 Atticum
1533 369 1829 425 opstrinxeris,

132 448 293 489 eisdem
326 462 393 489 me
425 446 506 488 tibi
540 445 782 501 obligatum
815 445 917 487 fore.

829 598 942 640 XIX.
995 597 1136 654 (253.)

718 702 929 746 oloERo
964 702 1178 745 SERVIO
1213 702 1253 744 s.

212 808 215 811 ¹
253 812 361 855 Cum
395 811 565 866 Lysone
592 810 791 852 Patrensi
824 813 890 851 est
922 809 1028 850 mihi
1061 809 1231 864 quidem
1260 807 1499 863 hospitium
1535 811 1668 863 vetus,
1702 823 1831 863 quam

137 897 217 939 ego
250 882 612 925 necessitudinem
644 883 790 923 sancte
824 879 1046 921 colendam
1078 882 1203 934 puto,
1236 879 1307 920 sed
1343 894 1390 920 ea
1424 863 1552 921 causa
1578 879 1709 920 etiam
1736 893 1833 921 cum

134 953 231 995 aliis
264 953 577 1007 compluribus,
610 951 885 992 familiaritas
919 953 1042 991 tanta
1072 950 1191 991 nullo
1226 965 1321 991 cum
1353 949 1542 1004 hospite,
1581 953 1624 991 et
1656 964 1706 992 ea
1737 965 1834 992 cum

135 1023 290 1066 officiis
322 1023 413 1065 eius
446 1022 608 1075 multis,
640 1025 733 1063 tum
766 1020 897 1062 etiam
930 1020 1235 1062 consuetudine
1269 1020 1483 1062 cotidiana
1516 1021 1577 1062 sic
1603 1024 1670 1063 est
1695 1024 1834 1075 aucta,

82 1123 114 1146 ω
133 1097 183 1136 111
213 1093 323 1136 nihil
355 1094 414 1135 sit
444 1092 743 1134 familiaritate
774 1094 925 1133 nostra
957 1090 1241 1133 coniunctius.
1296 1092 1333 1133 is
1363 1106 1459 1134 cum
1486 1091 1649 1133 Romae
1676 1106 1834 1134 annum

133 1179 266 1220 prope
297 1164 360 1206 ita
392 1163 564 1219 fuisset,
601 1166 650 1205 ut
682 1177 849 1205 mecum
881 1162 1061 1217 viveret,
1103 1162 1186 1204 etsi
1218 1177 1387 1204 eramus
1420 1163 1465 1204 in
1496 1177 1653 1219 magna
1685 1178 1759 1218 spe
1792 1167 1834 1204 te

133 1235 240 1278 meis
272 1235 432 1277 litteris
465 1234 923 1288 commendationeque
957 1233 1287 1289 diligentissime
1323 1233 1537 1276 facturum
1569 1258 1617 1263 —
1647 1234 1688 1275 id
1722 1234 1834 1289 quod

132 1306 276 1349 fecisti
300 1330 375 1361 —,
406 1308 456 1347 ut
488 1306 579 1348 eius
612 1320 702 1347 rem
729 1308 772 1346 et
798 1304 996 1346 fortunas
1025 1305 1217 1360 apsentis
1246 1307 1429 1359 tuerere,
1461 1308 1617 1360 tamen,
1650 1305 1765 1360 quod
1791 1305 1835 1346 in

133 1377 259 1419 unius
291 1379 507 1431 potestate
541 1379 663 1417 erant
696 1375 840 1417 omnia
883 1377 925 1416 et
958 1375 1072 1429 quod
1103 1374 1218 1429 Lyso
1257 1375 1399 1417 fuerat
1435 1375 1482 1417 in
1518 1378 1670 1417 nostra
1709 1390 1836 1418 causa

83 1477 114 1502 ,5
132 1447 379 1501 nostrisque
410 1446 649 1501 praesidiis,
682 1446 838 1487 cotidie
871 1446 1034 1500 aliquid
1060 1446 1339 1501 timebamus3
1373 1446 1572 1488 effectum
1598 1450 1744 1488 tamen
1770 1450 1837 1489 est

133 1521 176 1559 et
212 1517 348 1572 ipsius
388 1517 612 1572 splendore
652 1520 695 1558 et
733 1519 885 1558 nostro
930 1517 1278 1572 reliquorumque
1315 1517 1539 1572 hospitum
1584 1518 1744 1572 studio,
1788 1521 1837 1559 ut

133 1589 289 1642 omnia,
321 1602 428 1642 quae
460 1588 689 1642 vellemus,
721 1602 746 1628 a
778 1586 960 1629 Caesare
992 1587 1348 1642 impetrarentur,
1381 1588 1495 1642 quod
1528 1588 1752 1644 intelleges
1786 1604 1837 1631 ex

133 1659 195 1701 eis
226 1658 405 1712 litteris,
438 1673 543 1713 quas
577 1656 736 1700 Caesar
767 1658 818 1699 ad
851 1660 894 1700 te
927 1657 1055 1699 dedit.
1112 1673 1224 1700 1111110
1255 1673 1343 1700 11011
1375 1659 1501 1700 1110ᾶο
1533 1673 1620 1701 11011
1652 1660 1837 1701 101111111-

133 1744 227 1772 mus
259 1728 340 1770 tibi
374 1728 535 1782 aliquid
568 1743 618 1770 ex
649 1732 800 1770 nostra
829 1728 1214 1783 commendatione,
1247 1729 1370 1783 quasi
1397 1729 1542 1784 adepti
1569 1730 1655 1771 iam
1682 1731 1838 1786 omnia,

82 1831 116 1856 20
135 1800 209 1842 sed
241 1814 290 1841 eo
322 1798 618 1840 vehementius
646 1813 670 1840 a
695 1801 737 1840 te
773 1798 1084 1852 contendimus,
1115 1802 1164 1840 ut
1189 1798 1407 1853 Lysonem
1434 1800 1479 1841 in
1504 1800 1632 1842 fidem
1657 1803 1839 1843 necessi-

134 1870 410 1924 tudinemque
443 1871 564 1910 tuam
596 1869 797 1924 recipias:
830 1869 951 1911 cuius
983 1869 1112 1910 dubia
1145 1869 1323 1912 fortuna
1354 1870 1547 1913 timidius
1575 1875 1719 1914 tecum
1744 1887 1839 1929 age-

132 1941 298 1995 bamus,
327 1943 521 1981 verentes
547 1954 601 1981 ne
627 1939 730 1994 quid
757 1939 972 1982 accideret
999 1939 1223 1995 eiusmodi,
1243 1943 1298 1982 'ut
1323 1956 1376 1982 ne
1403 1944 1453 1983 tu
1479 1942 1652 1996 quidem
1678 1944 1839 1985 mederi

133 2025 301 2067 posses;
333 2010 559 2065 explorata
589 2025 692 2052 vero
724 2010 816 2052 eius
843 2010 1142 2052 incolumitate
1170 2011 1314 2052 omnia
1341 2027 1365 2053 a
1391 2015 1433 2054 te
1460 2012 1644 2067 †studia
1670 2028 1838 2056 summo

135 2097 238 2125 cura
261 2084 375 2138 peto.
427 2095 535 2136 quae
560 2095 613 2123 ne
638 2081 811 2137 singula
831 2095 1089 2136 enumerem,
1114 2084 1254 2123 totam
1275 2082 1357 2124 tibi
1378 2083 1554 2125 domum
1575 2086 1839 2140 commendo,

82 2185 116 2211 25
134 2153 180 2195 in
210 2153 279 2194 his
312 2152 630 2194 adulescentem
661 2150 800 2193 filium
833 2151 945 2206 eius,
978 2166 1105 2206 quem
1137 2151 1181 2194 C.
1207 2151 1402 2195 Maenius
1437 2152 1674 2210 Gemellus,
1707 2154 1839 2198 cliens

135 2238 278 2279 meus,
321 2238 419 2266 cum
461 2222 507 2265 in
550 2222 798 2265 calamitate
844 2222 962 2264 exilii
1008 2223 1074 2264 sui
1111 2222 1333 2265 Patrensis
1379 2224 1484 2266 civis
1527 2225 1668 2268 factus
1714 2230 1840 2282 esset,

136 2294 410 2336 Patrensium
440 2293 617 2353 legibus·
647 2292 883 2347 adoptavit,
915 2296 963 2334 ut
995 2292 1085 2335 eius
1112 2294 1248 2348 ipsius
1275 2294 1527 2338 hereditatis
1554 2297 1621 2339 ius
1649 2312 1840 2340 causam—

137 2379 218 2420 que
244 2367 404 2406 tueare.
461 2366 591 2418 caput
618 2363 725 2404 illud
752 2366 830 2417 est,
862 2366 911 2405 ut
935 2362 1164 2419 Lysonem,
1197 2379 1325 2420 quem
1351 2381 1431 2422 ego
1458 2367 1599 2409 virum
1625 2368 1839 2424 optimum

137 2435 520 2491 gratissimumque
554 2433 757 2489 cognovi,
794 2433 976 2488 recipias
1008 2434 1054 2476 in
1083 2436 1445 2479 necessitudinem
1477 2440 1616 2494 tuam;
1657 2439 1772 2494 quod
1804 2440 1841 2482 si

86 2539 121 2564 30
139 2504 305 2559 feceris,
335 2519 422 2547 non
454 2504 617 2558 dubito,
651 2503 754 2559 quin
785 2503 830 2545 in
862 2518 911 2546 eo
942 2503 1160 2560 diligendo
1187 2508 1426 2564 ceterisque
1451 2512 1605 2564 postea
1630 2524 1842 2553 commen-

258 2635 289 2666 3.
317 2631 473 2678 eisdem]
500 2630 635 2665 iisdem
655 2630 709 2675 M,
735 2630 881 2666 hisdem
900 2632 981 2667 HD
999 2634 1010 2677 ΙΙ
1030 2636 1062 2667 6.
1087 2635 1254 2678 patrensi
1279 2637 1337 2671 est
1356 2636 1446 2681 HD,
1472 2638 1618 2682 patrem
1639 2637 1670 2672 si
1691 2639 1748 2673 est
1767 2638 1816 2673 M
1840 2635 1841 2638 ’

141 2682 171 2715 7.
199 2689 313 2714 causa
333 2678 446 2725 (est)
463 2678 582 2731 etiam
600 2677 670 2713 alii
688 2680 700 2723 ΙΙ
719 2681 751 2714 8.
772 2678 1052 2731 familiaritasss,
1081 2685 1099 2715 1
1122 2682 1189 2717 litt.
1210 2694 1272 2727 er„
1293 2695 1320 2727 s,
1339 2689 1381 2719 ut
1399 2685 1486 2728 vicl„
1505 2696 1595 2720 corr.
1617 2697 1640 2720 a
1658 2697 1703 2720 m.
1722 2691 1752 2729 1,
1772 2686 1821 2720 M
1838 2682 1841 2725 ἔ

141 2730 196 2761 12.
223 2725 543 2761 commendatione
557 2725 602 2760 H
615 2727 627 2769 ΙΙ
648 2728 702 2760 13.
724 2727 888 2770 apsentis
902 2727 957 2770 M,
977 2728 1185 2772 praesentis
1207 2730 1364 2774 (psentis
1379 2731 1440 2775 H)
1460 2732 1542 2767 HD
1560 2734 1572 2777 u
1591 2734 1734 2767 tuerere
1751 2733 1841 2772 HD,

138 2783 266 2808 1101010
281 2773 329 2807 M
342 2775 354 2817 ss
374 2776 498 2808 15.16.
521 2774 578 2807 est
597 2774 635 2806 et
648 2772 702 2816 M,
723 2773 781 2807 est
790 2772 842 2816 D,
864 2774 902 2807 et
915 2773 959 2808 H
973 2775 985 2818 ΙΙ
1006 2777 1059 2809 16.
1086 2774 1387 2822 reliquorumque
1408 2778 1464 2822 M,
1490 2779 1717 2824 reliquorum
1731 2780 1811 2815 HD
1838 2815 1839 2818 ,

142 2824 196 2856 18.
222 2819 292 2867 eis]
319 2820 376 2854 his
400 2822 447 2863 Ψ,
473 2819 519 2854 iis
541 2830 560 2856 ς
580 2821 592 2863 {l
611 2822 666 2853 21.
688 2822 743 2854 22.
770 2819 991 2854 fortunatim
1010 2820 1050 2854 id
1069 2820 1166 2857 iuste
1187 2834 1270 2858 cum
1291 2825 1494 2870 agebamus
1514 2826 1569 2870 M,
1595 2827 1746 2861 fortuna
1761 2828 1843 2861 tum

141 2867 180 2902 id
204 2867 302 2902 iuste
327 2878 412 2902 cum
438 2866 641 2912 agebamus
668 2866 821 2911 (agebas
843 2867 904 2911 H)
931 2867 1011 2902 HD
1029 2869 1041 2912 ΙΙ
1061 2869 1114 2902 22.
1137 2870 1228 2913 quid
1233 2870 1282 2917 sss,
1308 2883 1380 2907 ras.
1402 2875 1421 2906 2
1443 2873 1511 2908 litt.
1532 2874 1574 2908 in
1591 2874 1662 2917 fine
1680 2885 1743 2917 vs„
1769 2874 1817 2908 M
1831 2874 1843 2920 j}

142 2917 197 2949 23.
224 2917 281 2950 24.
307 2914 433 2949 studia
459 2924 601 2948 summo
628 2924 716 2948 cura
734 2913 790 2956 M,
817 2925 959 2949 summo
987 2914 1111 2950 studio
1137 2919 1175 2951 et
1200 2929 1288 2953 cura
1308 2919 1397 2954 HD.
1443 2919 1570 2954 studia
1589 2931 1734 2956 summa
1753 2931 1843 2956 cura.

141 2962 196 2997 vel
221 2960 345 2996 studio
372 2972 514 2997 summo
541 2971 700 3004 curaque
726 2961 780 2996 vel
805 2972 948 2996 summo
975 2961 1098 2996 studio
1125 2975 1343 3010 summaque
1370 2976 1457 3000 cura
1477 2977 1509 3011 ς,
1537 2978 1679 3003 summo
1705 2967 1841 3012 studio,

143 3019 287 3043 summa
311 3019 402 3044 cura
426 3009 480 3045 vel
506 3020 533 3043 s.
561 3010 604 3042 st.
633 3010 670 3042 et
696 3019 722 3043 s.
750 3018 778 3042 c.
812 3008 1033 3054 Wesenbery.
1078 3013 1277 3048 emendacio
1302 3014 1457 3049 incerta:
1482 3015 1566 3057 fort.
1591 3016 1709 3051 subest
1733 3026 1842 3069 asyn-

143 3056 250 3091 cleton
287 3056 473 3092 bimembre
509 3057 586 3091 eius
621 3056 758 3099 formae
795 3066 886 3101 quae
921 3060 1021 3091 extat
1050 3056 1151 3103 XIII,
1180 3063 1239 3104 11,
1267 3063 1305 3096 3:
1342 3062 1408 3095 tuo
1446 3060 1570 3096 studio
1608 3061 1808 3108 diligentia
1833 3064 1844 3109 -ζ

144 3105 200 3137 25.
225 3102 393 3138 maenius
419 3103 480 3146 M,
505 3102 650 3138 menius
678 3101 773 3146 HD,
806 3102 1001 3137 memmius
1027 3114 1048 3140 ς
1079 3106 1090 3150 ΙΙ
1122 3109 1177 3142 28.
1205 3108 1262 3142 est
1286 3107 1343 3154 ut]
1370 3109 1428 3143 est
1452 3109 1491 3143 et
1520 3111 1560 3143 Ψ
1585 3110 1597 3154 ΙΙ
1628 3113 1684 3146 30.
1710 3109 1842 3147 feceris

149 3148 244 3193 MD,
269 3148 404 3195 legeris
431 3150 476 3185 H
497 3150 574 3195 (D2
599 3151 640 3185 in
664 3161 751 3196 mss..-
778 3149 824 3185 al.
852 3149 1001 3197 legeris)

218 3214 280 3243 Cic.
301 3223 346 3247 ep.
365 3216 411 3242 ed.
431 3216 710 3244 Mendelssohn.
1516 3219 1559 3250 23
