2242 3496
82 984 114 1009 10

80 1423 112 1447 15

76 1802 110 1826 20

76 2157 110 2182 25

79 2511 112 2535 30

647 220 984 255 EPISTVLARVM
1013 219 1106 254 xm.
1134 224 1165 254 ⁴³.
1196 223 1247 252 10.
1281 223 1330 252 11.
1746 218 1829 259 347

133 333 356 385 tantopere
389 328 626 385 diligerem,
658 329 739 371 tibi
767 329 1074 385 exposuissem,
1106 329 1150 370 in
1177 329 1270 384 ipsa
1296 342 1424 370 causa
1450 327 1697 382 exponenda
1726 327 1831 369 satis

133 401 263 442 ctiam
295 401 345 442 de
377 400 597 455 probitate
630 401 810 455 dixisse3
843 401 915 443 sed
943 405 1089 442 tamen
1115 399 1349 454 separatim
1375 398 1584 454 promitto
1611 398 1655 440 in
1681 413 1831 453 meque

133 471 292 526 recipio
324 471 415 513 fore
448 486 544 514 eum
578 472 657 513 tibi
692 476 734 513 et
768 473 979 527 voluptati
1013 475 1055 514 et
1081 472 1200 513 usui:
1231 486 1333 513 nam
1360 474 1404 512 et
1429 470 1672 512 modestum
1697 469 1832 511 homi·

133 557 231 584 nem
263 556 498 598 cognosces
537 547 579 584 ct
619 543 873 598 prudentem
912 547 955 585 et
994 558 1017 585 a
1050 543 1286 598 cupiditate
1326 542 1442 584 omni
1482 540 1832 594 remotissimum,

132 617 357 669 praeterea
400 614 547 670 magni
591 614 753 656 laboris
799 629 1075 670 summaeque
1119 613 1366 655 industriae.
1430 628 1566 667 neque
1609 626 1690 668 ego
1726 611 1831 653 haec

132 684 328 740 polliceri
362 685 508 739 debeo,
541 700 649 740 quae
681 685 763 726 tibi
796 686 900 740 ipsi,
933 700 1030 728 cum
1062 686 1168 727 bene
1202 684 1422 739 cognoris,
1455 684 1683 726 iudicanda
1715 685 1832 736 sunt,

133 755 207 798 sed
240 759 387 798 tamen
419 756 463 798 in
495 757 693 798 omnibus
723 757 846 798 novis
874 757 1250 798 coniunctionibus
1275 756 1469 810 interest,
1501 755 1640 809 qualis
1667 754 1832 809 primus

133 827 274 869 aditus
308 828 366 870 sit
398 830 441 869 et
475 843 559 882 qua
591 828 962 870 commendatione
996 828 1119 882 quasi
1158 826 1374 868 amicitiae
1415 827 1528 868 fores
1570 825 1833 881 aperiantur:

134 899 248 954 quod
280 913 360 955 ego
393 899 461 940 his
495 899 653 940 litteris
686 899 853 941 efficere
885 899 1020 955 volui,
1058 899 1139 940 etsi
1172 898 1214 939 id
1247 898 1342 952 ipsa
1373 912 1449 952 per
1482 913 1525 939 se
1564 897 1835 940 necessitudo

134 971 390 1024 quaesturae
412 969 602 1012 effecisse
630 970 775 1023 debet3
803 970 876 1012 sed
897 973 1042 1011 tamen
1061 969 1197 1011 nihilo
1218 969 1430 1010 infirmius
1451 969 1555 1010 illud
1575 969 1658 1011 1100
1679 968 1836 1010 addito.

134 1055 235 1084 cura
260 1040 407 1097 igitur,
434 1040 470 1082 si
490 1056 558 1083 me
579 1041 692 1083 tanti
718 1041 838 1096 facis,
865 1041 1016 1096 quanti
1044 1044 1087 1082 et
1112 1040 1247 1083 Varro
1269 1041 1488 1082 existimat
1508 1043 1551 1082 et
1571 1040 1662 1095 ipse
1683 1039 1836 1092 sentio,

132 1114 182 1154 ut
213 1126 343 1166 quam
374 1111 563 1166 primum
603 1111 855 1167 intellegam
894 1111 1003 1153 hanc
1042 1126 1183 1153 meam
1217 1110 1634 1153 commendationem
1666 1111 1837 1151 tantum

132 1182 198 1225 illi
227 1182 435 1225 utilitatis
468 1183 682 1238 attulisse,
716 1187 926 1238 quantum
959 1186 1002 1224 et
1034 1182 1125 1238 ipse
1159 1182 1344 1238 sperarit
1375 1196 1452 1224 nec
1479 1195 1559 1237 ego
1587 1179 1836 1222 dubitarim.

855 1313 927 1355 xi.
981 1312 1116 1368 (197.)

725 1408 938 1451 cloERo
972 1408 1169 1450 BRVTO
1206 1407 1245 1450 s,

249 1503 358 1553 Quia
391 1519 560 1559 semper
593 1503 877 1546 animadverti
909 1504 1101 1546 studiose
1133 1506 1176 1545 te
1209 1517 1383 1558 operam
1416 1503 1528 1555 dare,
1567 1505 1615 1543 ut
1647 1516 1699 1543 ne
1733 1501 1836 1556 quid

131 1589 324 1617 meorum
358 1574 440 1617 tibi
473 1577 588 1617 esset
619 1575 837 1630 ignotum,
869 1578 1097 1630 propterea
1127 1589 1216 1616 non
1248 1574 1417 1628 dubito,
1450 1573 1555 1628 quin
1587 1573 1718 1627 scias,
1750 1587 1837 1614 non

131 1646 274 1687 solum
307 1645 427 1688 cuius
453 1645 677 1701 municipii
705 1645 800 1701 sim,
832 1646 906 1688 sed
940 1645 1072 1688 etiam
1105 1660 1234 1700 quam
1267 1645 1499 1700 diligenter
1525 1644 1689 1686 soleam
1718 1658 1836 1685 meos

130 1717 367 1772 municipes
398 1716 625 1771 Arpinatis
658 1716 789 1758 tueri:
822 1731 1005 1772 quorum
1040 1717 1215 1771 quidem
1249 1715 1395 1757 omnia
1421 1715 1645 1757 commoda
1673 1728 1837 1756 omnes-

130 1802 212 1842 que
254 1787 503 1843 facultates,
555 1787 711 1843 quibus
751 1790 794 1828 et
836 1801 958 1828 sacra
1003 1787 1212 1828 conficere
1258 1789 1302 1828 et
1347 1788 1464 1827 sarta
1507 1787 1623 1827 tecta
1667 1785 1837 1826 aedium

130 1873 350 1900 sacrarum
381 1858 659 1913 locorumque
699 1858 991 1900 communium
1029 1857 1142 1899 tueri
1180 1857 1369 1912 possint,
1408 1856 1654 1898 consistunt
1690 1855 1736 1897 in
1776 1855 1836 1897 eis

130 1929 436 1986 vectigalibus,
474 1944 582 1984 quae
613 1929 777 1971 habent
808 1929 854 1970 in
885 1928 1107 1983 provincia
1141 1927 1301 1983 Gallia,
1339 1928 1392 1969 ad
1425 1943 1474 1969 ea
1505 1926 1683 1969 visenda
1713 1941 1838 1982 pecu-

129 2000 328 2056 niasque,
379 2015 487 2056 quae
533 2015 557 2042 a
602 2000 766 2042 colonis
812 2000 1044 2055 debentur,
1095 1999 1326 2055 exigendas
1378 2001 1601 2053 tot-amque
1651 2013 1743 2040 rem
1794 2002 1837 2039 et

130 2071 473 2128 cognoscendam
501 2074 545 2113 et
571 2071 957 2113 administrandam
987 2071 1157 2125 legatos
1187 2070 1353 2125 equites
1380 2069 1601 2111 Romanos
1627 2069 1838 2124 misimus,

131 2142 180 2192 Q.
205 2141 423 2185 Fufidium
457 2141 505 2192 Q.
538 2141 584 2197 f.‚
621 2141 677 2183 M.
704 2141 913 2183 Faucium
945 2141 1002 2183 M.
1033 2141 1080 2195 f.‚
1124 2140 1171 2190 Q.
1197 2140 1479 2183 Mamercium
1514 2140 1560 2190 Q.
1586 2140 1615 2182 f.
1678 2143 1779 2194 peto
1813 2155 1837 2182 a

129 2216 172 2255 te
203 2213 250 2255 in
281 2212 487 2255 maiorem
514 2213 689 2255 modum
714 2227 792 2267 pro
818 2215 970 2254 nostra
995 2211 1324 2266 necessitudine,
1356 2214 1406 2253 ut
1432 2212 1514 2253 tibi
1541 2226 1590 2253 ea
1614 2225 1682 2253 res
1710 2225 1835 2253 curae

130 2284 188 2326 sit
221 2298 479 2339 operamque
512 2284 605 2339 des,
636 2286 685 2325 ut
717 2298 794 2338 per
824 2287 866 2324 te
900 2297 1029 2338 quam
1062 2282 1411 2324 commodissime
1443 2282 1669 2338 negotium
1701 2282 1836 2323 muni-

130 2355 233 2410 cipii
265 2355 591 2397 administretur
624 2369 754 2409 quam
784 2354 1057 2409 primumque
1091 2354 1362 2408 conficiatur,
1393 2354 1620 2408 ipsosque,
1652 2367 1836 2408 quorum

130 2425 307 2468 nomina
338 2426 504 2481 scripsi,
535 2429 585 2467 ut
617 2440 748 2480 quam
779 2424 1213 2467 honorificentissime
1245 2439 1323 2480 pro
1356 2429 1432 2467 tua
1457 2427 1611 2466 natura
1637 2427 1680 2466 et
1707 2439 1836 2479 quam

131 2496 434 2538 liberalissime
461 2499 631 2538 tractes.
684 2496 821 2537 bonos
848 2496 964 2538 viros
985 2496 1038 2537 ad
1058 2499 1179 2538 tuam
1203 2495 1564 2538 necessitudinem
1588 2495 1833 2537 adiunxeris

132 2566 499 2622 municipiumque
550 2566 848 2622 gratissimum
898 2567 1105 2609 beneficio
1151 2570 1226 2610 tuo
1272 2567 1531 2621 devinxeris,
1583 2567 1689 2608 mihi
1735 2582 1835 2608 vero

134 2637 265 2679 etiam
298 2636 467 2694 gratius
499 2637 665 2692 feceris,
698 2638 810 2693 quod
845 2653 942 2680 cum
974 2653 1141 2694 semper
1171 2639 1284 2680 tueri
1317 2638 1556 2693 municipes
1589 2652 1707 2679 meos
1741 2652 1834 2679 con-

253 2758 284 2789 1.
312 2755 418 2789 tanto
445 2765 554 2799 opere
581 2755 684 2799 ς113.
712 2755 750 2788 et
774 2753 858 2789 usui
882 2765 970 2789 nam
996 2754 1087 2799 HD,
1114 2754 1192 2789 eius
1218 2754 1346 2790 uinam
1371 2755 1419 2790 M
1433 2756 1445 2800 11
1465 2758 1496 2790 3.
1518 2758 1549 2790 4.
1574 2753 1742 2789 homines
1763 2754 1809 2788 M
1825 2754 1838 2800 ΕΙ

133 2806 164 2837 4.
192 2801 429 2848 prudentem]
456 2801 658 2847 pudentem
680 2802 875 2845 Corradus,
900 2803 1091 2837 inutiliter.
1129 2802 1350 2847 prudentem
1366 2814 1436 2847 pro
1456 2803 1614 2837 aliorum
1633 2801 1836 2846 pudentem

131 2851 242 2884 etiam
266 2861 324 2894 ap.
356 2849 426 2884 Cic.
455 2850 504 2884 acl
529 2849 605 2884 Ate.
632 2849 676 2892 ΙΙ,
697 2852 753 2892 22,
776 2852 793 2882 7
820 2853 910 2884 recte
936 2850 1087 2884 retinuit
1111 2850 1205 2885 Boot
1223 2851 1235 2894 ΙΙ
1255 2853 1286 2885 5.
1314 2860 1455 2884 summe
1476 2850 1521 2884 H
1535 2851 1546 2893 ΙΙ
1566 2860 1635 2893 ego
1660 2848 1753 2883 haec
1780 2849 1834 2893 M,

134 2896 227 2932 haec
253 2907 321 2942 ego
348 2896 429 2931 HD
447 2898 458 2941 ΙΙ
478 2901 509 2932 9.
537 2896 637 2940 quod
662 2907 731 2941 ego
757 2907 800 2931 ex
826 2895 916 2941 quid
941 2907 1010 2941 ego
1035 2897 1102 2930 Mc
1121 2898 1132 2941 ΙΙ
1153 2899 1207 2932 10.
1235 2896 1365 2932 addito
1390 2897 1460 2931 hoc
1483 2897 1528 2931 H
1542 2900 1554 2940 ΙΙ
1574 2900 1628 2930 13.
1655 2907 1723 2931 nec
1742 2897 1834 2940 HD,

132 2954 180 2979 ne
204 2943 254 2978 M
272 2946 284 2988 ΙΙ
310 2942 563 2979 dubitauerim
588 2943 668 2978 HD
705 2944 716 2987 ΙΙ
755 2946 809 2978 19.
837 2942 1028 2988 Arpinatis
1060 2944 1126 2978 del.
1154 2944 1256 2979 Bake
1281 2944 1468 2989 (Mnemos.
1495 2944 1539 2978 II.
1569 2946 1670 2979 1853.
1692 2955 1731 2988 p.
1754 2945 1836 2988 422)

79 3010 87 3017 -
130 2995 324 3036 posteaque
350 2991 455 3027 Cobet
472 2993 484 3036 ΙΙ
513 2995 569 3026 21.
596 2989 860 3037 001111111111111111]
893 2992 938 3034 cf.
968 2992 1169 3026 Mommsen
1197 2991 1239 3027 ‘r.
1266 2992 1436 3027 Staatsr.’
1464 2991 1522 3025 ΙΙ3
1542 3003 1580 3036 p.
1602 2994 1688 3034 450,
1709 2994 1741 3026 3.
1786 2991 1836 3025 111

133 3050 169 3082 p.
192 3040 271 3082 782,
292 3041 311 3072 1
331 3039 347 3092 Ι[
361 3038 522 3086 possint]
549 3038 670 3091 possit
697 3039 763 3082 ΨΙΙ
783 3037 852 3083 013]
879 3037 937 3072 1113
964 3040 1011 3082 Ψ,
1037 3037 1084 3091 iis
1110 3040 1236 3083 ς1123.
1264 3042 1319 3074 24.
1346 3050 1423 3073 10111
1449 3037 1746 3084 cognoscendam
1766 3038 1811 3072 H
1834 3041 1836 3054 ¹

134 3089 191 3120 24.
216 3088 272 3120 25.
297 3085 540 3131 misimusque
565 3086 737 3120 fufidium
763 3085 811 3119 M
824 3087 835 3130 Η
863 3088 920 3120 25.
946 3084 1112 3120 faucmm
1137 3086 1192 3130 M,
1218 3085 1358 3120 lucium
1383 3085 1464 3121 HD
1481 3087 1492 3130 ΙΙ
1517 3084 1758 3120 mamercium
1789 3087 1835 3130 Ψ,

134 3141 360 3223 Ξῖἶῖἰέουὺη
385 3144 418 3171 ς.
462 3134 508 3177 cf.
530 3133 568 3169 0.
588 3134 621 3168 I.
641 3134 686 3168 L.
707 3132 741 3167 X
760 3136 815 3167 69.
844 3135 946 3167 1137.
976 3136 1065 3167 1138
1096 3135 1107 3177 Η
1138 3137 1193 3168 29.
1220 3135 1263 3167 ut
1288 3144 1362 3177 qua
1387 3133 1422 3169 h.
1449 3134 1497 3168 M
1524 3135 1536 3178 ιι
1568 3136 1622 3167 32.
1651 3132 1766 3168 etiam
1791 3143 1834 3167 eo

1864 2153 1883 2184 Η)
