2242 3496
92 907 124 930 10

91 1260 125 1285 15

95 1968 128 1992 25

720 146 1055 182 EPISTVLARVM
1084 148 1142 183 IX.
1170 157 1201 183 κ.
1230 154 1260 183 9.
1752 149 1837 189 219

143 255 253 309 apud
283 258 324 295 te
351 254 506 295 omnia.
557 254 638 295 etsi
666 255 784 296 nullo
818 258 1010 310 tempore
1038 257 1079 298 in
1108 256 1393 311 suspicionem
1427 257 1507 299 tibi
1540 257 1666 298 debui
1696 258 1836 298 venire

143 325 331 379 partium
358 339 487 366 eausa
514 325 658 378 potius
687 340 815 379 quam
849 330 921 367 tua
956 327 1034 368 tibi
1068 328 1256 382 suadere,
1290 331 1337 369 ut
1364 332 1404 370 te
1432 332 1506 370 aut
1533 343 1629 370 cum
1656 326 1837 369 Caesare

143 395 454 449 nobiscumque
500 395 779 450 coniungeres
828 399 901 437 aut
943 400 1055 438 certe
1100 399 1139 439 in
1184 399 1321 440 otium
1366 399 1567 452 referres,
1612 398 1837 453 praecipu«¹

142 480 253 507 nunc
299 465 384 506 iam
430 465 635 507 inclinata
679 466 861 508 victoria.
906 482 955 508 ne
1001 482 1175 521 possum
1228 470 1400 523 quidem
1445 470 1487 511 in
1531 470 1664 511 ullam
1709 469 1837 510 aliam

144 536 327 578 incidere
361 536 607 591 opinionem
641 537 721 577 nisi
757 537 798 577 in
832 552 938 590 eam,
975 538 1014 577 in
1050 554 1131 591 qua
1166 539 1330 581 scilicet
1362 540 1442 581 tibi
1475 542 1650 582 suadere
1685 541 1838 594 videar,

143 606 256 661 quod
287 607 356 662 pie
389 610 530 648 tacere
557 622 643 649 non
670 607 850 662 possim,
884 611 929 648 tu
958 611 1114 659 autem,
1148 610 1203 650 mi
1233 609 1392 663 (¹icero,
1425 611 1485 652 sic
1513 612 1617 653 haec
1644 611 1839 666 accipies,

143 680 209 730 ut,
247 677 336 719 sive
375 678 675 732 probabuntur
714 678 794 719 tibi
833 679 920 719 sive
953 694 1038 719 non
1072 680 1386 735 probabuntur,
1428 682 1480 722 ab
1521 683 1684 737 optimo
1724 685 1838 724 certe

143 747 286 790 animo
338 763 385 790 ac
437 749 706 790 deditissimo
758 749 839 790 tibi
889 753 932 791 et
982 750 1174 805 cogitata
1219 755 1259 791 et
1312 753 1472 806 scripta
1524 768 1615 794 esse
1666 753 1838 794 iudices.

143 819 448 860 animadvertis
481 819 555 862 Cn.
589 819 843 875 Pompeium
880 835 956 862 nec
995 821 1181 862 nominis
1221 822 1285 862 sui
1324 837 1399 863 nec
1443 838 1584 864 rerum
1618 827 1838 879 gestarum

143 889 284 946 gloria
320 905 456 945 neque
495 890 626 932 etiam
667 905 816 946 regum
857 905 905 932 ac
942 891 1166 932 nationum
1207 892 1434 947 clientelis,
1479 910 1582 948 quas
1623 898 1839 936 ostentare

144 960 293 1003 crebro
327 961 513 1015 solebat,
545 976 637 1002 esse
670 964 830 1014 tutum,
864 965 907 1002 et
939 962 1018 1003 hoe
1053 963 1201 1016 etiam,
1235 964 1347 1017 quod
1382 965 1526 1006 infimo
1561 966 1711 1020 cuique
1745 981 1839 1008 con-

145 1031 265 1088 tigit,
302 1031 365 1072 illi
402 1046 487 1073 non
526 1046 651 1086 posse
691 1032 958 1087 contingere,
1000 1035 1047 1073 ut
1079 1033 1258 1074 honeste.
1297 1035 1481 1090 effugere
1521 1037 1676 1091 possit,
1715 1037 1838 1091 pulso

146 1102 294 1157 Italia,
339 1102 511 1144 amissis
554 1102 800 1158 Hispaniis,
844 1106 970 1157 capto
1016 1105 1204 1145 exercitu
1250 1108 1471 1159 veterano,
1516 1107 1838 1148 circumvallato

143 1188 255 1215 nune
294 1173 494 1228 denique,
533 1174 645 1228 quod
685 1174 829 1215 nescio
869 1189 921 1215 an
960 1174 1067 1215 nulli
1107 1190 1309 1230 umquam
1347 1180 1496 1218 nostro
1531 1177 1733 1219 acciderit
1766 1178 1839 1218 im-

144 1244 345 1299 peratori.
409 1245 700 1299 quamobrem,
733 1245 834 1299 quid
867 1247 942 1286 aut
974 1245 1046 1286 ille
1080 1260 1250 1300 sperare
1284 1249 1422 1301 possit
1455 1251 1529 1288 aut
1562 1251 1621 1301 tu,
1652 1249 1839 1289 animum

145 1315 316 1357 adverte
348 1330 426 1370 pro
459 1319 534 1357 tua
559 1316 804 1372 prudentia,
837 1316 898 1357 sic
924 1316 1038 1358 enim
1063 1316 1280 1371 facillime,
1313 1318 1426 1372 quod
1453 1318 1533 1359 tibi
1561 1318 1841 1359 utilissimum

145 1386 227 1427 erit
259 1385 442 1440 consilii,
477 1387 628 1441 capies.
692 1386 798 1428 illud
831 1390 975 1428 autem
1008 1390 1050 1428 te
1083 1391 1201 1441 peto,
1234 1391 1294 1442 ut,
1327 1389 1362 1429 si
1396 1389 1481 1429 iam
1514 1389 1583 1429 ille
1618 1389 1843 1430 evitaverit

143 1457 225 1498 hoc
264 1457 503 1511 periculum
542 1460 584 1498 et
622 1472 666 1498 se
705 1457 917 1499 abdiderit
955 1457 1000 1498 in
1038 1457 1235 1512 classem,
1274 1461 1319 1499 tu
1359 1459 1443 1500 tuis
1477 1460 1604 1500 rebus
1646 1459 1843 1500 consulas

145 1531 189 1569 et
221 1527 451 1582 aliquando
490 1527 572 1570 tibi
610 1529 755 1583 potius
795 1543 925 1583 quam
962 1528 1097 1569 cnivis
1131 1528 1190 1569 sis
1223 1529 1403 1570 amicus:
1446 1530 1551 1571 satis
1584 1530 1747 1572 factum
1780 1532 1845 1571 est

145 1598 231 1640 iam
264 1612 289 1640 a
320 1602 363 1640 te
396 1599 461 1641 vel
495 1598 638 1641 officio
681 1599 744 1640 vel
782 1598 1090 1653 familiaritati,
1134 1600 1238 1641 satis
1277 1600 1439 1642 factum
1479 1601 1609 1641 etia-m
1648 1601 1843 1655 partibus

145 1672 189 1711 et
221 1669 259 1710 ei
292 1669 350 1711 rei
384 1685 437 1724 p.,
475 1684 602 1725 quam
635 1673 682 1711 tu
715 1670 940 1724 probabas.
1004 1670 1182 1712 relicum
1215 1675 1296 1725 est,
1339 1671 1413 1712 ubi
1451 1685 1561 1712 nunc
1595 1674 1661 1712 est
1693 1686 1759 1712 res
1792 1687 1842 1725 p.,
1873 1686 1888 1695 ··

145 1739 204 1781 ibi
244 1740 379 1782 simus
415 1740 578 1796 potius,
623 1755 769 1795 quam,
813 1741 915 1782 dum
953 1741 1073 1782 illam
1114 1744 1299 1783 veterem
1340 1755 1586 1795 sequamur,
1628 1742 1761 1783 simus
1801 1743 1842 1783 in

145 1811 276 1853 nulla.
349 1826 479 1866 quare
524 1811 671 1865 velim,
716 1812 775 1852 mi
820 1812 1125 1854 iucundissime
1169 1811 1336 1866 Cicero,
1381 1812 1417 1853 si
1461 1812 1572 1853 forte
1616 1812 1844 1867 Pompeius

146 1883 296 1937 pulsus
327 1882 396 1924 his
431 1897 599 1937 quoque
632 1883 738 1924 locis
772 1897 897 1925 rusus
930 1882 1036 1924 alias
1073 1883 1271 1938 regiones
1303 1886 1447 1938 petere
1481 1886 1678 1937 cogatur,
1718 1886 1766 1924 ut
1799 1886 1845 1925 tu

147 1956 190 1995 te
224 1953 288 1994 vel
319 1953 515 1995 Athenas
547 1954 614 1995 vel
647 1954 688 1995 in
724 1954 922 2008 quamvis
955 1955 1146 2008 quietam
1179 1954 1360 2009 recipias
1394 1954 1631 2008 civitatem,
1665 1955 1775 2008 quod
1809 1955 1845 1996 si

147 2023 232 2066 eris
265 2024 474 2077 facturus,
507 2025 636 2066 velim
669 2025 776 2066 mihi
809 2025 991 2078 scribas,
1024 2028 1073 2066 ut
1105 2039 1202 2080 ego,
1236 2025 1272 2066 si
1306 2025 1392 2065 ullo
1426 2024 1550 2065 modo
1583 2027 1752 2078 potero,
1794 2026 1845 2066 ad

147 2098 189 2136 te
234 2094 440 2137 advolem.
514 2110 807 2150 quaecumque
852 2096 902 2136 de
946 2098 1021 2137 tua
1065 2095 1276 2149 dignitate
1321 2095 1374 2135 ab
1420 2095 1677 2148 imperatore
1722 2099 1847 2137 erunt

149 2166 436 2221 impetranda,
469 2182 553 2222 qua
584 2170 650 2208 est
682 2167 952 2208 humanitate
986 2166 1163 2219 Caesar,
1195 2166 1448 2207 facillimum
1481 2166 1563 2206 erit
1596 2166 1648 2206 ab
1683 2181 1732 2207 eo
1766 2166 1845 2207 tibi

148 2237 231 2291 i-psi
275 2236 526 2292 impetrare,
571 2241 613 2279 et
656 2252 770 2279 meas
815 2241 961 2279 tamen
1004 2252 1151 2292 preces
1192 2237 1302 2290 apud
1349 2251 1445 2277 eum
1490 2252 1575 2277 11011
1620 2236 1843 2277 minimum

96 2322 131 2347 ³0
150 2308 426 2350 auctoritatis
462 2308 688 2350 habituras
727 2312 845 2363 puto.
908 2309 990 2350 erit
1023 2311 1121 2349 tuae
1156 2322 1324 2361 quoque
1356 2307 1454 2348 fidei
1488 2310 1530 2348 et
1562 2306 1845 2347 humanitatis

149 2392 312 2434 curare,
343 2382 392 2420 ut
423 2379 460 2421 is
493 2379 765 2434 tabellarius,
798 2394 924 2434 quem
958 2379 1009 2420 ad
1043 2381 1086 2420 te
1120 2378 1232 2433 misi,
1263 2378 1418 2419 reverti
1451 2378 1590 2432 possit
1623 2377 1674 2418 ad
1707 2392 1773 2417 me
1806 2383 1847 2418 et

150 2463 174 2490 a
206 2451 248 2490 te
282 2449 386 2492 mihi
420 2449 589 2491 litteras
623 2450 791 2492 referat.

271 2580 302 2612 4.
329 2589 427 2613 nunc
452 2577 527 2612 iam
554 2577 638 2612 incl.
667 2578 755 2613 uict.
782 2577 842 2621 M,
876 2588 959 2611 cum
990 2576 1065 2611 iam
1099 2575 1182 2610 incl.
1217 2575 1266 2610 sit
1297 2574 1383 2610 niet.
1412 2575 1492 2610 HD
1528 2577 1540 2619 ΙΙ
1577 2580 1607 2609 5.
1637 2574 1847 2619 opinionem

153 2623 317 2660 incidere
343 2625 423 2661 HD
453 2627 465 2670 ΙΙ
496 2625 535 2659 in
566 2625 656 2672 qua]
690 2637 765 2669 qua
792 2626 1016 2669 H'esenbery,
1049 2628 1138 2658 recte
1164 2627 1255 2668 puto
1292 2624 1304 2666 ΙΙ
1341 2621 1485 2657 scilicet
1515 2621 1585 2656 tibi
1614 2622 1669 2666 H,
1706 2621 1848 2656 scilicet

153 2697 189 2730 te
215 2695 286 2730 tibi
312 2696 372 2740 Μ,
407 2674 550 2731 sioetibi
576 2698 615 2731 D
645 2699 656 2740 ΙΙ
688 2699 718 2730 6.
746 2706 896 2740 possum
923 2695 960 2729 Ι)
990 2696 1001 2737 ΙΙ
1034 2698 1065 2728 9.
1093 2693 1367 2728 animaduertes
1395 2693 1437 2727 H
1465 2694 1476 2737 ΙΙ
1510 2696 1562 2727 10.
1589 2692 1747 2736 gloriam
1776 2693 1822 2726 M

155 2746 209 2777 11.
238 2745 292 2778 12.
319 2743 504 2789 contingit
530 2755 550 2781 ς
587 2745 598 2787 ΙΙ
637 2747 689 2777 13.
718 2742 862 2776 italiam
897 2741 1081 2775 ammissis
1109 2741 1155 2774 M
1187 2742 1198 2783 Η
1235 2739 1403 2784 hispanis
1430 2740 1511 2774 HD
1547 2741 1558 2782 ΙΙ
1597 2743 1650 2774 14.
1673 2739 1846 2785 denique]

154 2789 318 2834 undique
344 2791 549 2826 Lambinus
567 2793 578 2834 ΙΙ
597 2789 691 2823 nulli
712 2790 772 2833 M,
799 2788 867 2822 ulli
894 2788 974 2823 HD
993 2790 1004 2832 ΙΙ
1026 2792 1078 2822 15.
1105 2789 1146 2821 tu
1172 2799 1215 2822 ac
1242 2789 1319 2821 tum
1345 2788 1505 2822 radendo
1533 2787 1581 2820 M
1596 2788 1608 2830 ΙΙ
1630 2790 1753 2821 16.17.
1776 2786 1846 2820 uti-

154 2836 348 2872 lissimerit
372 2838 446 2882 ΜΗ
476 2841 529 2872 17.
556 2839 591 2872 te
618 2836 722 2881 peto]
750 2847 772 2870 a
797 2838 833 2870 te
860 2837 946 2880 peto
974 2847 1003 2872 ς.
1043 2837 1088 2869 cl‘.
1117 2835 1276 2869 Schmalz
1297 2846 1335 2879 p.
1358 2838 1423 2868 133
1449 2836 1460 2877 ΙΙ
1486 2838 1541 2868 21.
1564 2835 1601 2867 et
1626 2833 1660 2867 ei
1685 2845 1750 2868 om.
1779 2833 1840 2869 Ηι

154 2883 219 2918 ubi
247 2886 300 2928 Ψ,
331 2885 427 2930 <ut>
454 2884 518 2919 ubi
544 2896 575 2922 ς.
621 2886 665 2927 cf.
693 2884 854 2918 Schmalz
879 2883 901 2917 l.
928 2894 956 2917 c.
993 2884 1005 2925 ΙΙ
1042 2886 1096 2916 22.
1125 2881 1312 2925 sequimur
1337 2882 1405 2915 alii
1441 2882 1453 2924 Η
1490 2884 1544 2915 23.
1571 2891 1749 2925 pompeus
1777 2880 1850 2926 ΙΙΙΗ

155 2956 211 3034 Ξ4.
237 2944 348 3038 mig}
373 2956 421 2990 Μ
427 2955 451 2999 ¹,
487 2959 528 2990 ut
558 2955 629 2991 vid.
668 2956 679 2998 ΙΙ
717 2965 840 2988 rursus
867 2953 948 2988 HD
984 2953 995 2996 ΙΙ
1033 2953 1187 2996 cogatur
1218 2964 1261 2986 ew
1293 2953 1446 2997 cogetur
1472 2951 1536 2984 Mc
1572 2952 1583 2995 ΙΙ
1621 2955 1675 2985 30.
1703 2962 1849 2995 quoque

173 3011 242 3036 uae

1865 836 1884 865 ΐῦ
