2242 3496
739 208 1076 245 EPIS'FVLARVM
1106 212 1128 246 Ι.
1156 215 1187 247 8.
1216 216 1246 247 9.
1789 215 1838 254 l:‘›

147 316 413 371 vinciamque
453 316 559 356 bene
604 317 739 370 gestis
786 318 911 358 rebus
957 335 1052 360 cnm
1097 320 1284 361 exercitu
1331 320 1491 362 victore
1537 321 1749 375 optinere,
1794 327 1839 363 ut

146 387 296 440 debeo,
335 386 474 427 laetor
511 410 581 440 —,
618 387 689 427 sed
724 390 856 440 certe,
899 389 969 441 qni
1010 390 1088 430 tibi
1122 406 1171 430 ex
1205 406 1270 431 uie
1304 391 1469 432 fructus
1502 392 1728 438 debentur,
1768 408 1840 432 eos

146 457 365 498 uberiores
405 459 447 497 et
484 457 800 510 praesentiores
843 473 1043 511 praesens
1090 475 1238 514 capere
1282 461 1514 515 potuisses3
1561 462 1600 503 in
1641 463 1701 503 eis
1743 478 1840 503 vero

147 526 420 579 ulciscendis,
459 540 567 580 quos
600 525 680 566 tibi
714 527 870 580 partini
914 528 1107 570 inimicos
1141 546 1231 570 esse
1269 531 1481 587 intellegis
1514 536 1691 586 propter
1726 536 1842 573 tnain

113 612 130 636 5
148 596 541 653 propugnationem
568 596 720 637 salutis
750 611 880 649 meae,
913 598 1068 651 partini
1104 600 1288 641 invidere
1317 605 1493 655 propter
1520 602 1635 643 illius
1663 603 1843 644 actionis

147 667 475 722 amplitudinem
510 670 553 708 et
586 667 787 722 gloriam,
828 667 1054 709 mirificum
1088 684 1153 710 me
1187 670 1266 710 tibi
1300 672 1501 713 comitem
1542 673 1844 726 p1·aeb11iss‹‚·1n‚

149 753 411 793 quamquam
443 737 515 778 ille
547 737 746 792 perennis
780 737 977 778 inimicus
1011 739 1245 780 amicornm
1278 756 1462 795 suornm,
1496 743 1565 796 qni
1601 743 1685 784 tuis
1715 744 1844 784 maxi-

148 809 229 850 mis
257 808 474 851 beneficiis
502 811 680 849 ornatus
708 808 752 848 in
779 811 821 848 te
848 809 1124 862 potissimum
1153 809 1333 852 fractam
1361 812 1477 852 illuni
1505 817 1548 853 et
1575 813 1842 853 debilitatam

148 880 235 921 vim
268 894 390 921 suam
423 879 621 932 contulit,
653 881 847 919 nostram
882 878 1016 920 vicem
1049 879 1166 920 ultus
1201 884 1266 921 cst
1299 881 1388 935 ipse
1422 898 1526 935 sese,
1559 898 1608 923 ea
1640 886 1705 924 est
1732 884 1843 923 enini

96 965 128 990 ιο
148 952 340 1004 conatus,
372 949 528 1004 quibus
554 949 786 1004 patefactis
813 948 976 990 nullam
1004 949 1087 989 sibi
1120 950 1164 990 in
1195 954 1414 1003 posterum
1448 968 1530 993 non
1560 954 1684 994 niodo
1711 954 1845 1007 digni-

147 1020 264 1074 tatis,
289 1020 363 1062 sed
383 1035 435 1061 ne
456 1020 674 1061 libertatis
697 1020 867 1074 quidem
894 1022 1059 1074 partem
1082 1019 1266 1073 reliquit.
1313 1024 1354 1062 te
1383 1026 1537 1076 antem,
1567 1024 1646 1064 etsi
1675 1024 1845 1065 mallem
1867 1038 1885 1065 3

147 1091 191 1132 in
229 1091 336 1132 meis
375 1091 503 1132 rebus
548 1093 772 1145 expertum
812 1104 940 1145 quam
982 1089 1113 1131 etiam
1151 1091 1194 1130 in
1234 1092 1340 1145 tuis,
1385 1095 1527 1133 tamen
1567 1094 1609 1133 in
1649 1095 1847 1135 molestia

147 1162 314 1218 gaudeo
342 1176 436 1203 eam
463 1161 591 1203 fidem
619 1175 828 1217 cognosse
855 1161 1079 1202 hominum
1104 1175 1192 1202 non
1218 1161 1280 1202 ita
1307 1177 1463 1217 magna
1489 1165 1692 1218 mercede,
1719 1180 1845 1218 quain

148 1246 228 1288 ego
268 1232 455 1274 maximo
501 1232 647 1273 dolore
693 1245 945 1287 cognoram3
989 1231 1038 1272 de
1079 1246 1163 1285 qua
1209 1232 1374 1273 ratione
1420 1236 1512 1274 tota
1550 1234 1635 1275 iam
1680 1235 1846 1275 videtur

98 1319 131 1344 15
150 1303 257 1344 mihi
289 1303 528 1359 exponendi
554 1306 724 1358 tempus
757 1302 861 1357 dari,
893 1305 943 1343 ut
975 1301 1056 1343 tibi
1087 1302 1322 1343 rescribam
1356 1304 1407 1343 ad
1440 1319 1500 1358 ea,
1532 1319 1637 1358 quae
1666 1305 1844 1358 quaeris.

150 1374 378 1416 certiorem
417 1377 459 1415 te
500 1388 576 1428 per
614 1373 784 1415 litteras
827 1373 981 1415 scribis
1021 1387 1112 1414 esse
1153 1372 1314 1414 factum
1352 1388 1417 1414 me
1457 1389 1551 1416 cuin
1586 1374 1765 1417 Caesare
1805 1379 1887 1418 et4

149 1460 248 1487 cum
279 1445 422 1500 Appio
456 1459 548 1486 esse
581 1445 626 1486 in
657 1444 801 1500 gratia
832 1447 960 1498 teque
991 1444 1035 1484 id
1066 1458 1154 1485 non
1184 1445 1437 1498 reprendere
1471 1445 1694 1499 adscribis,
1733 1446 1846 1487 Vati-

149 1516 270 1557 nium
308 1519 454 1557 autem
491 1516 598 1557 scire
638 1518 680 1556 te
721 1515 827 1556 velle
870 1514 1060 1556 ostendis
1100 1514 1256 1568 quibus
1294 1516 1420 1556 rebus
1465 1516 1671 1557 adductus
1710 1516 1848 1557 defen-

151 1587 286 1628 derim
330 1589 373 1628 et
414 1586 643 1640 laudarim,
689 1586 801 1640 quod
847 1585 928 1626 tibi
969 1588 1018 1626 ut
1061 1585 1230 1640 planius
1275 1601 1500 1639 exponam,
1546 1587 1674 1627 altius
1720 1587 1846 1641 paulo

99 1675 132 1699 20
151 1657 366 1699 rationem
398 1657 675 1699 consiliorum
708 1671 901 1698 meorum
934 1658 1128 1709 repetam
1159 1670 1331 1697 necesse
1364 1660 1439 1697 cst.
1489 1657 1606 1712 †ego
1634 1672 1711 1711 me,
1745 1657 1848 1698 Len-

152 1728 254 1783 tule,
279 1728 405 1770 initio
432 1742 576 1769 rerum
603 1729 730 1782 atque
752 1727 972 1768 actionum
998 1729 1171 1768 tuarum
1195 1741 1283 1767 non
1310 1727 1449 1768 solum
1477 1728 1593 1781 meis,
1620 1728 1690 1769 sed
1718 1728 1847 1769 etiam

152 1799 214 1840 rei
240 1798 438 1854 publicae
463 1798 716 1840 restitutum
741 1798 949 1852 putabam
977 1800 1032 1852 et,
1065 1798 1268 1852 quoniam
1295 1797 1377 1838 tibi
1402 1797 1696 1839 incredibilem
1723 1813 1848 1852 quen-

153 1869 251 1911 dam
291 1882 482 1911 amorem
519 1872 562 1910 et
601 1868 745 1911 omnia
783 1868 828 1910 in
867 1871 909 1910 te
948 1868 1090 1923 ipsum
1135 1883 1302 1910 summa
1339 1883 1387 1908 ac
1430 1868 1666 1923 singularia
1711 1869 1851 1909 studia

153 1940 365 1995 deberem,
395 1940 458 1981 rei
489 1939 701 1994 publicae,
733 1954 839 1994 quae
866 1942 908 1980 te
936 1939 981 1980 in
1008 1953 1075 1980 me
1102 1939 1368 1980 restituendo
1396 1939 1579 1980 multum
1607 1939 1850 1993 adiuvisset,

101 2028 135 2054 25
155 2026 252 2052 eum
284 2014 399 2053 certe
432 2025 499 2052 me
532 2010 723 2052 animum
755 2010 911 2052 merito
944 2010 1080 2064 ipsius
1107 2010 1260 2051 debere
1288 2010 1541 2063 arbitrabar,
1574 2025 1699 2064 quem
1726 2013 1851 2050 antea

154 2082 453 2123 tantummodo
487 2081 703 2123 communi
736 2081 880 2123 officio
913 2080 1084 2135 civium,
1115 2095 1202 2121 non
1233 2080 1377 2134 aliquo
1411 2095 1512 2135 erga
1538 2095 1604 2120 me
1641 2081 1848 2135 singulari

155 2152 362 2194 beneficio
401 2152 594 2193 debitum
632 2152 961 2207 praestitissem.
1023 2151 1102 2193 hac
1144 2166 1210 2192 me
1250 2153 1391 2192 mente
1424 2149 1556 2191 fuisse
1596 2153 1638 2191 et
1677 2153 1849 2191 senatus

155 2238 206 2264 ex
238 2238 305 2265 me
337 2226 380 2265 te
413 2223 587 2265 consule
620 2223 784 2264 audivit
815 2226 858 2264 et
890 2225 938 2264 tu
970 2225 1015 2264 in
1046 2221 1206 2264 nostris
1239 2221 1508 2263 sermonibus
1544 2221 1848 2262 conlocutioni-

156 2294 321 2348 busque
354 2294 483 2348 [ipse]
518 2294 677 2336 vidisti.
729 2293 811 2335 etsi
843 2293 930 2334 iam
959 2292 1110 2348 primis
1143 2292 1410 2347 temporibus
1437 2291 1523 2332 illis
1550 2292 1697 2332 multis
1725 2292 1850 2332 rebns
1873 2305 1891 2334 5

104 2383 137 2408 30
159 2379 277 2406 meus
311 2364 608 2407 offendebatur
639 2365 826 2419 animus,
866 2379 963 2406 cum
996 2366 1038 2405 te
1071 2366 1226 2419 agente
1258 2363 1307 2404 de
1340 2362 1506 2416 reliqua
1536 2364 1685 2402 nostra
1717 2361 1850 2415 digni-

158 2437 247 2477 tate
279 2438 354 2477 aut
386 2436 556 2477 occulta
590 2435 896 2477 nonnullorum
924 2434 1022 2476 odia
1053 2436 1127 2475 aut
1159 2434 1341 2475 obscura
1371 2433 1414 2473 in
1447 2447 1512 2473 me
1547 2432 1684 2473 studia
1713 2447 1849 2472 cerne-

278 2543 310 2574 2.
337 2539 496 2583 fructus,
529 2551 588 2584 pr.
616 2551 639 2573 u
671 2541 713 2573 ‘in
742 2551 813 2574 ras.
847 2539 930 2582 MC,
968 2539 1015 2573 M
1036 2541 1047 2581 ΙΙ
1079 2542 1111 2573 3.
1138 2536 1318 2572 uberioris
1350 2537 1387 2570 et
1417 2535 1679 2580 praesentioris
1714 2535 1765 2568 M.
1804 2538 1848 2578 ι’[ζ

158 2587 335 2621 Βᾱσὴεῖεν
363 2587 598 2622 ‘Grundrz‘ss’
622 2598 661 2631 p.
683 2586 744 2620 55²
769 2598 818 2632 sq.
844 2590 856 2631 ΙΙ
880 2585 1166 2630 praesentiores]
1194 2582 1482 2628 praestantiores
1508 2593 1538 2619 ς.
1572 2587 1609 2616 ut
1635 2585 1678 2624 cf.
1712 2583 1850 2615 Laron:

158 2634 208 2668 acl
226 2634 351 2669 Plaut.
368 2634 474 2668 Most.
498 2637 588 2668 1075
609 2638 640 2668 et
655 2634 783 2668 Pseud.
800 2638 890 2667 1125
911 2636 921 2677 ΙΙ
941 2633 994 2667 eis
1012 2633 1093 2675 GR,
1115 2632 1192 2666 eius
1208 2632 1253 2665 M
1273 2630 1354 2674 (eiis
1370 2630 1446 2673 ΜΓ)
1465 2632 1475 2672 ΙΙ
1496 2634 1525 2663 6,
1548 2628 1738 2662 mirificam
1757 2629 1826 2662 (ils

161 2686 192 2715 8.
212 2680 372 2715 fractam
397 2692 441 2715 ea:
460 2680 600 2714 factam
620 2681 667 2715 M
673 2682 692 2723 ¹,
718 2681 858 2714 factam
875 2681 946 2715 (1¹1ss
965 2683 976 2724 ΙΙ
997 2684 1027 2714 9.
1049 2680 1176 2713 nostra
1196 2678 1276 2711 uice
1297 2678 1331 2711 Jl'
1350 2680 1362 2720 ΙΙ
1381 2687 1418 2710 se
1434 2677 1469 2710 Jf
1489 2680 1499 2720 ΙΙ
1520 2682 1550 2710 9.
1569 2680 1618 2709 10.
1635 2677 1786 2708 alterum
1807 2687 1850 2707 vai

155 2732 239 2772 post
263 2727 362 2762 enim
387 2729 472 2763 add.
500 2727 567 2761 Mr
585 2730 597 2772 ΙΙ
619 2732 671 2762 14.
699 2738 947 2771 cognoueram
970 2727 1040 2761 GR
1059 2728 1069 2769 ΙΙ
1100 2730 1150 2760 16.
1178 2738 1201 2759 a
1226 2724 1419 2759 certiorem
1447 2736 1514 2757 roc.
1543 2735 1665 2756 norum
1696 2723 1851 2764 invspc're

160 2776 350 2819 epistulam
374 2776 583 2820 siqnificant
610 2776 654 2810 Ω.
681 2776 734 2809 vel
764 2776 1032 2819 inscriptionem
1060 2773 1206 2806 Marcus
1233 2771 1357 2805 Cicero
1390 2769 1546 2803 salutem
1580 2769 1670 2802 dicit
1696 2768 1849 2801 Lentulo

161 2821 376 2856 Proconsuli
414 2823 498 2857 add.
535 2822 567 2856 G
591 2823 602 2866 ΙΙ
629 2825 682 2856 17.
716 2821 801 2866 apio
833 2823 876 2856 M
901 2824 912 2865 ΙΙ
937 2820 1203 2865 reprehendere
1238 2819 1307 2852 GR
1331 2825 1342 2860 ῃ
1368 2816 1546 2850 adscribis
1580 2816 1637 2866 M,
1677 2815 1723 2866 ad
1758 2815 1851 2859 (ι’]ι’Ὶῐ

162 2873 216 2904 17.
238 2872 293 2904 18.
315 2868 500 2903 uatinium
520 2879 610 2903 corr.
632 2869 698 2902 Ill0
723 2879 768 2902 ex
787 2868 992 2910 uaticiium,
1019 2872 1058 2901 u!
1078 2868 1150 2901 vid.
1170 2868 1181 2909 ΙΙ
1206 2868 1255 2899 19.
1270 2864 1396 2909 paullo
1418 2875 1437 2900 ς
1457 2867 1468 2906 ΙΙ
1488 2868 1541 2896 21.
1558 2862 1679 2905 initio!
1702 2873 1736 2894 1n
1757 2863 1849 2905 (sup.

160 2927 209 2951 vs.
230 2928 252 2950 α
272 2928 316 2951 m.
340 2919 374 2961 1)
394 2915 507 2950 inicio
530 2917 573 2951 G.
606 2915 714 2949 initio
736 2915 830 2962 <vi>
854 2917 907 2950 *vel
928 2914 1091 2962 <cursu>
1111 2914 1205 2947 Boot
1224 2913 1386 2956 (observ.
1408 2911 1484 2945 crit.
1506 2910 1553 2943 ml
1575 2910 1643 2942 Cic.
1665 2909 1731 2951 ep)
1752 2920 1788 2951 μ.
1805 2912 1851 2949 s»,

161 2962 350 3010 (evento)
382 2963 533 3009 Tyrrell.
559 2975 609 2997 cm
633 2964 741 2998 verba
766 2974 887 2997 rerum
913 2964 1025 3005 atque
1051 2960 1239 2994 actionum
1264 2960 1408 2992 tuarum
1438 2956 1665 2990 inducenda?
1683 2957 1694 2998 ΙΙ
1714 2958 1769 2988 24.
1791 2954 1850 2987 de-

161 3009 296 3054 berem,
317 3010 430 3044 deber
442 3011 482 3044 in
495 3021 567 3045 ras.
584 3010 706 3054 M0‚M
725 3013 736 3055 ΙΙ
756 3014 810 3045 26.
827 3009 939 3043 alicui
956 3009 1067 3043 Orelli
1085 3010 1097 3050 Ιι
1116 3011 1171 3041 27.
1187 3007 1345 3039 mentem
1363 3004 1404 3037 M
1423 3007 1558 3046 minute
1572 3002 1646 3045 ΜΓ)
1667 3004 1751 3052 njis.
1768 3013 1850 3033 con-

163 3056 279 3091 sulem
304 3058 339 3091 52
373 3056 537 3101 (consule
564 3057 748 3102 Mr)112s.
769 3060 823 3091 29.
851 3054 1242 3096 conlocationibusque
1269 3052 1312 3085 M
1338 3060 1439 3093 (corr.
1468 3049 1544 3091 ΜΓ)
1563 3051 1574 3092 ΙΙ
1600 3052 1654 3082 29.
1682 3059 1758 3091 ipse
1785 3060 1849 3082 nm.

163 3103 310 3148 M¹GR,
334 3114 413 3149 sup.
439 3114 488 3139 vs.
515 3104 600 3139 add.
621 3104 685 3137 Mc
711 3104 810 3149 (leyit
829 3104 877 3147 P)
897 3104 909 3147 ss
929 3101 1058 3135 uidisti
1085 3100 1138 3144 M,
1165 3098 1303 3134 audisti
1326 3098 1396 3133 (J'Jf
1414 3099 1426 3141 fl
1445 3101 1498 3131 31.
1527 3095 1563 3128 in
1589 3107 1654 3129 mu.
1677 3094 1747 3138 Μ’,
1772 3107 1850 3139 sust,

161 3160 211 3186 vs.
237 3151 320 3186 add.
348 3151 414 3184 Me
