2242 3496
399 149 483 190 154
998 147 1045 182 M.
1074 146 1213 180 TVLLI
1240 144 1491 181 CICERONIS

394 260 436 297 te
478 259 620 297 tamen
663 258 776 297 recte
819 269 999 308 vereque
1045 254 1242 295 sensisse.
1309 256 1438 308 atque
1481 254 1649 296 utinam
1691 255 1820 298 liceat
1863 256 2093 311 aliquando

395 327 540 381 aliquo
585 327 645 368 rei
686 342 724 381 p.
765 327 881 366 statu
925 339 1004 366 nos
1048 324 1134 366 frui
1178 325 1292 366 inter
1335 340 1500 380 nosque
1545 325 1737 368 conferre
1782 327 2094 369 sollicitudines

393 401 582 453 nostras,
622 411 727 451 quas
766 395 1024 450 pertulimus
1063 398 1174 451 tum,
1219 411 1315 438 cum
1353 396 1495 438 timidi
1533 398 1812 453 putabamur,
1850 398 1949 452 quia
1987 398 2095 440 dice-

346 480 365 509 3
394 470 545 510 bamus
579 482 627 508 ea
658 467 822 522 futura,
865 481 972 521 quae
1005 466 1122 509 facta
1154 470 1266 509 sunt.
1329 468 1379 509 de
1412 468 1498 509 tuis
1531 468 1677 523 rebus,
1713 468 1823 510 nihil
1856 483 1947 510 esse
1980 469 2095 524 quod

394 540 546 580 timeas
590 540 762 592 praeter
805 538 1030 580 universae
1076 539 1137 579 rei
1174 554 1214 593 p.
1253 539 1500 594 interitum,
1544 539 1625 580 tibi
1667 540 1895 594 confirmo3
1938 540 1989 581 de
2026 555 2094 582 me
2131 555 2148 580 5

393 614 537 651 autem
569 607 631 649 sic
665 608 793 649 velim
825 607 1008 664 iudices,
1042 612 1252 664 quantum
1286 624 1365 665 ego
1398 610 1575 665 possim,
1607 625 1675 652 me
1707 610 1801 666 tibi,
1834 610 1964 653 saluti
1994 613 2094 654 tuae

394 680 626 734 liberisque
664 679 752 721 tuis
792 694 960 722 summo
1000 695 1097 724 cum
1137 681 1280 723 studio
1318 684 1493 736 praesto
1527 696 1695 736 semper
1726 682 1933 724 futurum.
1988 682 2094 724 vale.

1083 846 1219 888 XXII.
1266 845 1403 903 (205.)

988 939 1200 984 (11οΕ110
1234 941 1496 984 DOMITIO.

346 1047 359 1077 1
507 1036 607 1078 Non
640 1051 690 1078 ea
722 1051 788 1078 res
821 1051 888 1078 me
921 1036 1149 1096 deterruit,
1182 1052 1266 1092 quo
1298 1038 1458 1091 minus,
1499 1040 1653 1091 postea
1685 1052 1814 1092 quam
1846 1037 1891 1079 in
1923 1038 2095 1080 ltaliam
2115 1052 2148 1076 10

390 1108 560 1163 venisti,
593 1108 764 1149 litteras
798 1108 850 1149 ad
882 1110 924 1149 te
958 1107 1190 1162 mitterem,
1223 1108 1336 1163 quod
1369 1111 1417 1148 tu
1449 1108 1501 1149 ad
1533 1123 1600 1149 me
1629 1107 1770 1149 nullas
1797 1109 1989 1164 miseras,
2021 1110 2095 1151 sed

389 1179 490 1233 quia
521 1194 616 1234 nec,
651 1179 752 1234 quid
785 1179 867 1220 tibi
899 1177 1128 1233 pollicerer
1159 1179 1251 1233 ipse
1285 1193 1415 1234 egens
1448 1179 1576 1220 rebus
1610 1179 1832 1235 omnibus,
1863 1195 1959 1235 nec,
1993 1180 2095 1234 quid

388 1250 631 1306 suaderem,
668 1264 766 1291 cum
804 1250 1004 1292 mihimet
1041 1250 1126 1305 ipsi
1165 1250 1393 1292 consilium
1432 1251 1591 1306 desset,
1629 1265 1723 1306 nee,
1764 1251 1865 1305 quid
1904 1252 2096 1293 consola-

386 1321 519 1363 tionis
552 1321 765 1364 adferrem
797 1322 842 1363 in
874 1322 1008 1363 tantis
1036 1321 1174 1377 malis,
1207 1322 1488 1376 reperiebam.
1536 1322 1643 1364 haec
1670 1337 1932 1377 quamquam
1957 1322 2094 1365 nihilo

384 1392 563 1434 meliora
601 1396 702 1434 sunt
740 1408 852 1435 nunc
891 1393 1041 1448 etiam,
1079 1396 1207 1448 atque
1247 1393 1378 1434 etiam
1418 1393 1558 1434 multo
1598 1393 1912 1449 desperatiora,
1949 1396 2096 1436 tamen
2115 1405 2149 1432 15

386 1464 527 1505 inanis
560 1478 652 1506 esse
686 1478 802 1505 meas
840 1464 1010 1506 litteras
1046 1479 1175 1519 quam
1206 1464 1349 1505 nullas
1381 1462 1525 1505 malui.
1589 1478 1688 1520 ego,
1731 1464 1766 1505 si
1799 1467 1841 1505 te
1873 1464 2095 1521 intellege-

385 1550 475 1576 rem
507 1535 605 1590 plus
638 1538 842 1577 conatum
876 1550 968 1577 esse
1002 1536 1218 1590 suscipere
1250 1535 1312 1577 rei
1344 1551 1384 1590 p.
1418 1549 1545 1577 causa
1571 1535 1774 1590 muneris,
1807 1550 1937 1590 quam
1963 1550 2095 1590 quan-

386 1609 481 1648 tum
518 1609 739 1661 praestare
777 1607 1015 1662 potuisses,
1057 1610 1220 1661 tamen,
1264 1606 1606 1661 quibuscumque
1644 1606 1771 1648 rebus
1809 1621 2001 1667 possem,
2043 1608 2096 1649 ad

385 1693 479 1719 eam
513 1678 809 1720 condicionem
842 1681 884 1719 te
917 1678 1106 1733 vivendi,
1140 1693 1247 1732 quae
1281 1678 1455 1719 daretur
1488 1677 1688 1733 †quique
1721 1680 1848 1734 esset,
1878 1678 2096 1735 hortarer3

385 1749 481 1803 sed,
533 1764 629 1790 cum
675 1748 844 1791 consilii
888 1749 953 1790 tui
997 1749 1104 1791 bene
1148 1749 1407 1803 fortiterque
1459 1749 1650 1803 suscepti
1696 1763 1794 1790 eum
1838 1748 1920 1790 tibi
1963 1749 2093 1791 finem
2115 1763 2150 1788 20

387 1820 617 1875 statueris,
668 1835 795 1874 quem
839 1821 935 1875 ipsa
978 1821 1154 1862 fortuna
1197 1820 1432 1862 terminum
1476 1823 1724 1862 nostrarum
1769 1820 2095 1862 contentionum

386 1906 480 1934 esse
520 1891 749 1946 voluisset,
794 1906 868 1933 oro
908 1894 1187 1947 optestorque
1227 1894 1268 1932 te
1306 1906 1384 1945 pro
1421 1893 1564 1933 vetere
1603 1894 1754 1933 nostra
1791 1891 2095 1934 coniunctione

387 1978 435 2004 ac
468 1962 785 2004 necessitudine
823 1977 987 2017 proque
1030 1977 1198 2004 summa
1230 1977 1325 2004 mea
1362 1962 1406 2004 in
1443 1965 1486 2004 te
1525 1962 1828 2004 benevolentia
1864 1965 1907 2004 et
1944 1965 2020 2004 tua
2051 1963 2096 2004 in

387 2049 453 2075 me
486 2033 600 2089 pari,
631 2036 673 2075 te
706 2036 756 2075 ut
787 2034 933 2090 nobis,
963 2034 1152 2089 parenti,
1186 2033 1360 2089 coniugi
1392 2034 1565 2088 tuisque
1599 2033 1817 2088 omnibus,
1859 2032 2016 2088 quibus
2050 2049 2093 2075 es

386 2104 596 2159 fuistique
636 2119 803 2159 semper
845 2105 1111 2160 carissimus,
1157 2105 1325 2146 salvum
1370 2119 1614 2159 conserves,
1657 2104 1948 2146 incolumitati
1992 2107 2092 2146 tuae
2112 2117 2146 2143 25

386 2178 665 2230 tuorumque,
709 2176 781 2230 qui
821 2177 884 2231 †e
923 2177 1128 2231 pendent,
1173 2177 1393 2232 consulas,
1432 2191 1540 2231 quae
1579 2174 1769 2223 didicisti
1809 2189 2001 2230 quaeque
2039 2176 2093 2218 ab

387 2246 683 2289 adulescentia
720 2247 1007 2302 pulcherrime
1041 2263 1065 2289 a
1097 2247 1429 2302 sapientissimis
1468 2247 1573 2289 viris
1611 2247 1772 2289 tradita
1812 2246 2021 2289 memoria
2051 2250 2095 2288 et

388 2318 569 2360 scientia
614 2319 999 2374 comprehendisti,
1044 2319 1104 2360 eis
1143 2319 1225 2361 hoc
1264 2322 1458 2373 tempore
1500 2321 1643 2374 utare,
1687 2332 1794 2373 quos
1839 2318 2094 2360 coniunctos

387 2404 555 2431 summa
586 2390 878 2431 benivolentia
910 2390 1195 2445 plurimisque
1229 2390 1384 2432 officiis
1419 2389 1616 2444 amisisti,
1648 2404 1797 2431 eorum
1824 2388 2094 2444 desiderium,
2138 2385 2147 2391 ’

341 2473 360 2503 3
388 2460 424 2502 si
460 2475 548 2503 non
586 2475 723 2515 aequo
763 2461 924 2516 anime,
965 2464 1010 2503 at
1046 2461 1152 2503 forti
1189 2461 1315 2502 feras.
1377 2475 1457 2516 ego
1498 2461 1599 2515 quid
1640 2460 1805 2515 possim
1841 2460 1986 2502 nescio
2024 2460 2092 2502 vel
2109 2473 2144 2498 30

338 1475 358 1505 [Θ

508 2594 537 2625 l.
572 2589 774 2633 aliquando
806 2601 871 2625 om.
899 2590 935 2625 R
968 2592 978 2635 Η
1011 2594 1041 2624 2.
1077 2589 1351 2624 sollicitudinas
1386 2590 1437 2633 G,
1473 2588 1693 2624 solitudines
1719 2589 1756 2624 R
1789 2590 1800 2633 ΙΙ
1832 2592 1864 2624 3.
1897 2589 2092 2632 nostrasll

412 2641 478 2671 —0
507 2638 574 2672 litt.
601 2637 811 2682 01α3.,111ΙΙ
836 2641 868 2672 4.
896 2638 991 2683 esse]
1018 2638 1075 2671 est
1100 2638 1134 2671 ,Ω
1160 2638 1170 2681 ΙΙ
1198 2641 1250 2671 12
1279 2636 1417 2681 nequid
1446 2638 1478 2672 G
1498 2639 1509 2682 Η
1535 2636 1706 2671 omnibus
1732 2636 1842 2670 rebus
1868 2636 1906 2671 R
1925 2637 1936 2680 11
1954 2617 2093 2680 nequid

391 2685 461 2719 GR
481 2686 492 2729 11
514 2689 567 2719 13.
595 2665 792 2718 consilium
818 2685 942 2720 0111.Ιῖ
961 2687 972 2730 ΙΙ
993 2685 1099 2719 desse
1125 2685 1180 2728 M
1207 2684 1353 2719 deesset
1374 2684 1445 2719 GR
1464 2685 1475 2729 Η
1494 2683 1634 2728 nequid
1656 2684 1727 2719 GR
1747 2685 1758 2728 ΙΙ
1779 2686 1832 2718 15
1860 2683 1999 2718 melora
2019 2683 2093 2725 Ml

389 2733 474 2765 sunt
499 2743 596 2766 nunc
623 2733 736 2775 atque
757 2731 870 2766 etiam
889 2732 1007 2766 multo
1029 2744 1059 2769 ς.
1096 2712 1233 2767 retiw’mi
1253 2733 1362 2776 prius
1381 2731 1495 2766 etiam
1521 2736 1554 2766 et
1578 2735 1748 2767 commate
1763 2751 1806 2755 —
1821 2741 1900 2765 cum
1920 2729 2092 2775 Seyfferto

390 2783 422 2812 et
450 2779 484 2813 O
506 2779 553 2814 F.
577 2779 812 2814 11.11111“Ζῐο10
835 2801 875 2804 ἣ
898 2792 921 2814 α
941 2781 1122 2823 prooez'mis
1146 2781 1334 2815 1611101111
1364 2780 1375 2824 ΙΙ
1408 2782 1462 2814 16.
1495 2778 1607 2813 nullis
1636 2779 1708 2814 GR
1739 2779 1749 2822 ΙΙ
1783 2781 1836 2812 17.
1863 2776 1946 2821 plus
1980 2787 2092 2821 quam

391 2827 563 2860 (onatum
590 2837 618 2861 e
648 2839 673 2861 s
702 2838 834 2861 causas
860 2839 907 2861 m.
937 2828 970 2862 G
1001 2828 1012 2871 Η
1046 2830 1100 2862 18
1132 2826 1299 2871 potuisse
1333 2826 1405 2861 GR
1436 2827 1447 2871 ΙΙ
1481 2830 1534 2861 19
1568 2824 1738 2869 uiuendi,
1772 2826 1834 2860 alt.
1859 2835 1884 2858 11
1909 2835 2013 2867 001·,1’.
2047 2825 2092 2868 G,

391 2871 646 2909 uinciendiR
610 2874 695 2918 Ru
732 2873 869 2918 quique
902 2874 961 2917 M,
1001 2879 1033 2908 et
1066 2875 1100 2909 G
1131 2879 1173 2909 ut
1203 2875 1275 2910 υἱώ
1285 2902 1296 2918 ,
1334 2884 1481 2917 quaque
1514 2874 1567 2917 R,
1607 2853 1775 2917 quaeqhe
1808 2881 1839 2908 ς.
1883 2872 1916 2906 si
1953 2871 2093 2907 litterae

386 2924 610 2964 pata-,entur
634 2921 860 2955 cuicuimodi
885 2923 1078 2956 conicerem
1096 2923 1108 2966 ΙΙ
1128 2925 1183 2957 20.
1211 2921 1369 2956 eundem
1390 2922 1424 2956 G
1443 2923 1454 2965 ΙΙ
1473 2924 1528 2955 22.
1554 2922 1592 2954 te
1618 2931 1684 2955 om.
1703 2919 1740 2954 R
1759 2919 1771 2963 ΙΙ
1790 2921 1845 2970 24
1871 2917 1953 2962 pari
1978 2920 2016 2954 te
2036 2920 2090 2963 M,

390 2968 495 3009 parte
523 2968 595 3003 GR
620 2970 631 3012 11
655 2967 730 3002 tuis
759 2969 792 3004 G
822 2969 834 3013 ΙΙ
866 2971 920 3003 26
950 2979 968 3002 e
993 2969 1158 3012 pendent
1182 2970 1243 3013 M,
1280 2967 1491 3013 eapendent
1518 2968 1562 3011 G,
1590 2967 1634 3000 de
1660 2967 1718 3011 (ex
1742 2966 1779 2999 te
1805 2963 1849 3000 1η.
1878 2966 1912 3009 1)
1938 2966 1977 3000 te
2001 2977 2090 3010 pen·

392 3012 482 3046 dent
506 3014 542 3049 R
568 3016 662 3059 quod
687 3016 908 3050 commendat
934 3015 1110 3050 8110101101
1135 2998 1310 3061 (p.1⁷81)‚
1347 3026 1390 3050 ex
1422 3016 1460 3049 te
1490 3013 1655 3059 pendent
1680 3023 1700 3050 ς
1731 3013 1742 3056 ΙΙ
1774 3016 1829 3048 28.
1858 3011 1928 3057 eis]
1961 3012 2079 3047 hissz
2045 3015 2090 3057 Ω,

392 3059 437 3093 iis
476 3070 496 3096 ς
533 3062 544 3104 11
581 3062 794 3097 coniunctos
831 3063 895 3106 Μ,
934 3064 1160 3106 conpunctos
1201 3064 1251 3107 G,
1289 3074 1373 3098 cum
1410 3061 1555 3098 iunctos
1590 3060 1627 3096 R
1669 3061 1681 3104 ss
1723 3062 1778 3095 29.
1816 3058 1977 3094 amisisti
2012 3061 2080 3103 111Ϊ

392 3105 528 3141 misisti
554 3109 587 3140 ,Ω
605 3110 616 3153 Η
637 3112 690 3144 30.
719 3111 758 3144 at
781 3110 837 3153 M,
864 3120 907 3143 ac
936 3110 1072 3153 (1,a11t
1099 3110 1134 3145 11
