2242 3496
344 156 427 198 376
939 146 987 180 M.
1015 142 1155 178 TVLLI
1181 139 1430 176 CICERONJS

343 261 587 305 carissimus
621 262 703 311 est,
742 256 799 298 M.
825 253 1047 296 Laenium:
1086 250 1129 291 id
1159 249 1210 289 fit
1242 251 1339 290 cum
1370 246 1568 300 plurimis
1601 247 1692 288 eius
1731 245 1905 299 officiis,
1942 247 2036 286 tum

344 347 509 375 summa
541 330 758 385 probitate
791 328 833 366 et
860 320 1070 378 singulari
1096 319 1320 361 modestia.
1375 331 1472 358 eum
1499 331 1580 372 ego
1607 331 1631 357 a
1657 331 1725 357 me
1749 315 2036 358 invitissimus

345 402 484 445 dimisi
517 415 613 443 cum
644 399 818 453 propter
849 391 1193 435 familiaritatem
1222 391 1265 430 et
1292 386 1613 430 consuetudinis
1641 386 1912 439 suavitatem,
1944 388 2038 427 tum

302 507 318 517 2
346 473 457 528 quod
491 470 666 512 consilio
700 467 788 508 eius
820 464 936 506 fideli
968 477 1016 504 ae
1054 462 1167 502 bono
1205 459 1407 501 lubenter
1447 458 1612 500 utebar.
1670 457 1743 499 sed
1780 471 1946 511 vereor,
1984 471 2037 498 ne

345 545 429 585 iam
463 553 679 594 superesse
711 536 818 578 mihi
850 534 980 575 verba
1011 534 1150 587 putes,
1183 545 1290 585 quae
1318 530 1509 570 dixeram
1535 528 1753 570 defutura:
1786 528 2037 570 commendo
2074 541 2105 588 5-

345 614 425 655 tibi
468 610 685 652 hominem
731 607 809 657 sic,
852 608 901 646 ut
944 602 1163 657 intellegis
1209 615 1295 655 me,
1339 601 1468 655 †quo
1513 614 1563 641 ea
1606 613 1737 654 supra
1781 597 2039 653 scripserim,

345 684 495 724 debere
528 678 836 731 commendare,
869 691 893 717 a
924 677 1052 728 teque
1083 673 1304 714 vementer
1336 671 1468 715 etiam
1500 673 1630 725 atque
1663 670 1794 711 etiam
1824 671 1948 724 peto,
1978 671 2040 723 ut,

346 753 456 808 quod
488 751 619 792 habet
649 749 695 790 in
727 751 802 789 tua
833 744 1055 802 provincia
1085 742 1270 798 negotii,
1302 741 1520 796 expedias,
1553 741 1666 796 quod
1706 740 1787 782 tibi
1824 739 2042 782 videbitur

346 825 508 864 rectum
552 834 664 874 esse,
714 817 798 874 ipsi
841 817 969 859 dicas.
1037 814 1256 856 hominem
1299 812 1555 855 facillimum
1603 810 2041 865 liberalissimumque

347 906 595 948 cognosces,
632 890 778 944 itaque
812 892 854 930 te
887 901 1012 942 rogo,
1049 888 1098 926 ut
1130 899 1227 926 eum
1260 884 1451 926 solutum
1492 883 1678 924 liberum
1711 881 1917 924 confectis
1951 881 2041 923 eius
2063 897 2097 922 10

345 962 530 1019 negotiis
561 976 638 1016 per
678 963 719 1001 te
753 974 882 1014 quam
920 957 1109 1012 primum
1147 956 1200 997 ad
1243 970 1310 996 me
1348 955 1563 996 remittas:
1606 954 1650 995 id
1687 953 1795 995 mihi
1830 951 2043 1007 fratrique

347 1048 440 1076 meo
474 1032 770 1088 gratissimum
803 1029 967 1071 feceris.

1028 1120 1183 1163 inv.
1230 1118 1366 1177 (110.)

704 1217 759 1259 M.
788 1215 1000 1259 cicERo
1034 1214 1073 1257 s.
1106 1214 1157 1257 D.
1190 1214 1236 1257 P.
1271 1213 1421 1257 simo
1454 1213 1568 1255 PRO
1602 1212 1688 1255 PR.

465 1314 580 1356 Nero
626 1328 746 1355 meus
791 1311 995 1353 mirificas
1040 1311 1154 1365 apud
1191 1325 1258 1352 me
1296 1308 1379 1350 tibi
1417 1309 1580 1365 gratias
1621 1308 1728 1364 egit,
1771 1322 1949 1362 prorsus
1986 1307 2102 1349 in-15

350 1386 576 1439 credibiliS,
608 1388 658 1426 ut
689 1383 857 1425 nullum
887 1383 1096 1424 honorem
1129 1381 1212 1423 sibi
1244 1380 1395 1422 haberi
1427 1380 1620 1435 potuisse
1647 1379 1818 1434 diceret,
1851 1379 1926 1434 qui
1955 1393 1980 1420 a
2004 1381 2048 1420 te

348 1456 677 1513 praetermissus
724 1456 847 1496 esset.
916 1467 1122 1509 magnum
1165 1452 1356 1494 fructum
1399 1466 1450 1493 ex
1490 1451 1586 1505 ipso
1625 1451 1785 1505 capies,
1828 1449 1938 1491 nihil
1982 1452 2050 1491 est

351 1529 462 1571 enim
487 1527 562 1568 illo
591 1526 862 1568 adulescente
891 1525 1080 1580 gratius3
1107 1524 1180 1565 sed
1207 1523 1394 1564 mercule
1420 1522 1526 1564 mihi
1554 1536 1723 1577 quoque
1751 1520 2051 1577 gratissimum

349 1598 508 1653 fecisti,
549 1597 685 1652 pluris
718 1597 833 1638 enim
866 1611 917 1638 ex
950 1595 1068 1638 omni
1098 1594 1328 1637 nobilitate
1368 1594 1583 1636 neminem
1620 1592 1743 1634 facio.
1806 1592 1969 1646 itaque,
2014 1591 2051 1633 si

352 1685 401 1712 ea
431 1669 602 1723 feceris,
646 1683 753 1723 quae
785 1668 858 1709 ille
897 1682 974 1722 per
1011 1681 1078 1708 me
1117 1669 1261 1708 tecum
1299 1665 1371 1721 agi
1408 1664 1562 1718 voluit,
1607 1663 1906 1720 gratissimum
1943 1661 2051 1703 mihi
2071 1679 2106 1704 20

352 1740 518 1783 feceris:
551 1740 738 1795 primum
769 1739 819 1780 de
845 1737 1060 1780 Pausania
1084 1735 1391 1790 Alabandensi,
1423 1737 1639 1777 sustentes
1671 1750 1775 1788 rem,
1807 1734 1909 1775 dum
1933 1732 2051 1775 Nero

353 1813 496 1854 veniat
526 1836 585 1840 —
614 1812 835 1852 vementer
875 1809 966 1851 eius
1012 1823 1140 1850 causa
1185 1821 1337 1862 cupere
1382 1822 1480 1849 eum
1523 1805 1736 1860 intellexi3
1781 1806 1926 1860 itaque
1968 1804 2052 1846 hoc

354 1883 475 1925 valde
507 1884 549 1922 te
582 1895 689 1936 rogo
717 1898 791 1936 —3
830 1880 979 1922 deinde
1011 1879 1227 1934 Nysaeos,
1266 1893 1373 1933 quos
1406 1877 1521 1919 Nero
1560 1878 1607 1918 in
1636 1877 1789 1932 primis
1820 1876 1954 1918 habet
1983 1890 2054 1917 ne-

356 1952 562 1994 cessarios
595 1951 1010 2007 diligentissimeque
1041 1952 1189 1992 tuetur
1221 1964 1269 1991 ac
1302 1948 1503 2003 defendit,
1535 1948 1695 1990 habeas
1729 1946 1811 1989 tibi
1842 1961 2055 1989 commen-

356 2023 624 2075 datissimos,
673 2026 722 2064 ut
765 2022 993 2078 intellegat
1041 2021 1117 2062 illa
1161 2020 1313 2062 civitas
1359 2020 1443 2061 sibi
1486 2019 1531 2060 in
1574 2018 1760 2060 Neronis
1810 2018 2052 2073 patrocinio
2073 2032 2107 2058 25

357 2110 570 2136 summum
608 2108 699 2135 esse
736 2093 1011 2148 praesidium.
1076 2092 1335 2134 Strabonem
1374 2089 1604 2133 Servilium
1647 2089 1730 2131 tibi
1774 2104 1899 2144 saepe
1944 2104 2055 2131 com-

358 2165 569 2219 mendavi,
618 2179 732 2206 nunc
777 2179 826 2206 eo
870 2164 981 2206 facio
1026 2164 1070 2205 id
1115 2162 1374 2218 impensius,
1425 2161 1539 2216 quod
1584 2161 1674 2202 eius
1720 2175 1895 2203 causam
1936 2159 2054 2202 Nero

358 2235 556 2291 suscepit.
616 2238 787 2277 tantum
825 2251 850 2277 a
888 2238 930 2277 te
967 2235 1174 2290 petimus,
1217 2236 1266 2275 ut
1304 2247 1408 2289 agas
1451 2247 1546 2274 eam
1588 2247 1697 2287 rem,
1739 2246 1791 2273 ne
1836 2231 2055 2285 relinquas

357 2307 575 2349 hominem
606 2306 878 2348 innocentem
910 2307 963 2347 ad
996 2305 1178 2348 alicuius
1216 2304 1282 2346 tui
1323 2303 1547 2345 dissimilis
1587 2305 1832 2358 quaestum:
1877 2302 1921 2344 id
1958 2316 2057 2344 cum

360 2381 531 2433 gratum
568 2377 674 2418 mihi
712 2377 811 2431 erit,
856 2379 950 2418 tum
987 2377 1119 2418 etiam
1161 2375 1420 2418 existimabo
1459 2377 1501 2416 te
1539 2373 1811 2415 humanitate
1849 2375 1926 2415 tua
1963 2380 2056 2414 esse
2076 2389 2109 2414 30

360 2463 495 2489 usum.
553 2462 720 2489 summa
756 2448 884 2489 huius
924 2448 1134 2502 epistulae
1171 2447 1277 2488 haec
1315 2448 1399 2500 est,
1441 2448 1490 2486 ut
1528 2459 1653 2486 ornes
1692 2444 1891 2486 omnibus
1929 2443 2057 2485 rebus

363 2518 596 2573 Neronem,
630 2519 757 2560 sicuti
790 2518 1020 2573 instituisti
1053 2521 1180 2573 atque
1212 2517 1367 2559 fecisti.
1423 2530 1630 2572 magnum
1667 2515 1889 2557 theatrum
1925 2514 2059 2556 habet

351 2589 447 2630 rista
479 2589 698 2643 provincia
729 2614 787 2619 ——
816 2604 903 2631 non
942 2593 989 2630 ut
1026 2590 1132 2631 haec
1168 2591 1318 2630 nostra
1350 2613 1424 2642 —,
1457 2586 1742 2629 adulescentis
1779 2585 1956 2640 nobilis,
1997 2585 2058 2626 in-

480 2720 509 2752 l.
537 2716 614 2751 eius
643 2716 832 2752 beneficiis
863 2717 924 2752 uel
956 2717 1088 2752 officiis
1115 2718 1160 2752 H
1192 2719 1203 2762 Η
1241 2720 1272 2751 3.
1301 2715 1488 2750 suauitate
1514 2714 1618 2750 MHl
1655 2716 1666 2760 Η
1704 2719 1735 2749 4.
1763 2713 1924 2748 libenter
1949 2713 2029 2748 HD
2047 2712 2059 2739 Η

363 2767 393 2798 6.
420 2775 491 2816 quo
517 2766 562 2807 Ψ,
588 2764 689 2809 (de)
715 2775 787 2808 quo
808 2776 839 2808 ς,
866 2765 979 2811 <eum
1005 2765 1078 2809 de>
1105 2776 1176 2809 quo
1198 2765 1410 2799 Lambinus.
1450 2775 1500 2798 an
1525 2762 1612 2807 qui?
1645 2763 1764 2807 possis
1788 2763 1898 2796 etiam
1917 2771 2030 2804 quom
2048 2741 2060 2805 Η

364 2821 580 2854 scrlpseram
606 2811 650 2845 Η
665 2812 675 2855 Η
697 2815 725 2846 7.
753 2811 991 2846 uehementer
1011 2812 1092 2847 HD
1111 2815 1121 2857 Η
1142 2815 1173 2846 8.
1199 2810 1350 2845 uidetur
1369 2810 1412 2844 Η
1428 2811 1439 2855 Η
1461 2813 1515 2845 18.
1541 2809 1751 2844 mehercule
1772 2809 1854 2843 HD
1871 2809 1883 2852 Η
1902 2811 1958 2842 21.
1981 2806 2058 2841 ala-

363 2856 518 2891 bandesi
543 2859 598 2902 M,
624 2858 810 2893 alabande
836 2859 867 2893 si
893 2859 973 2893 HD
1009 2861 1020 2902 Η
1057 2863 1112 2894 22.
1140 2859 1380 2893 uehementer
1404 2857 1485 2892 HD
1521 2858 1532 2902 Η
1570 2860 1626 2892 28.
1654 2855 1752 2903 (tu)
1782 2866 1874 2900 agas
1899 2855 2031 2889 Baiter
2048 2854 2060 2899 Η

363 2904 424 2949 ne]
455 2915 522 2938 nec
554 2909 586 2939 et
615 2916 687 2939 neu
716 2907 902 2951 cerri-(sunt
939 2908 950 2951 Η
988 2909 1042 2940 29.
1069 2906 1126 2940 tui
1151 2917 1217 2941 om.
1244 2906 1289 2940 H
1321 2906 1333 2950 Η
1370 2908 1426 2940 31.
1460 2914 1625 2938 summae
1657 2903 1766 2937 huius
1799 2900 1961 2946 epistula
1985 2901 2036 2936 M
2048 2901 2061 2947 Η

366 2953 419 2984 33.
446 2962 519 2985 non
548 2953 590 2985 ut
620 2952 712 2987 haee
742 2954 872 2987 nostra
905 2954 972 2988 del.
999 2954 1158 2989 Ernesti.
1209 2964 1284 2988 non
1314 2952 1405 2986 item
1436 2952 1530 2986 haec
1559 2951 1704 2992 nostra,
1737 2948 1843 2996 (ad)
1878 2949 1956 2992 (hoc
1980 2959 2061 2983 cum

366 2997 552 3042 Benyelio)
579 3003 643 3033 aut
667 3011 757 3043 non,
789 3001 830 3034 ut
860 3000 953 3035 haec
983 3002 1126 3044 nostra,
1161 2999 1392 3046 <angustum
1417 2999 1493 3045 ad>
1525 2998 1744 3041 Wesenberg.
1789 3006 1863 3029 non
1894 2996 1937 3029 ut
1966 2995 2060 3029 haec

367 3045 493 3077 nostra
531 3044 757 3090 <admodum
791 3046 933 3081 nullam
963 3049 1017 3082 vel
1047 3047 1230 3094 parvam>
1270 3051 1336 3082 aut
1364 3057 1439 3080 non
1469 3046 1511 3079 ut
1540 3044 1633 3078 haec
1665 3044 1794 3077 nostra
1830 3041 2060 3089 <admodum

369 3092 567 3134 angustum
593 3092 666 3138 ad>
692 3094 880 3128 Lehmann
906 3096 959 3139 (p.
982 3096 1050 3139 69).
1102 3095 1191 3129 mihi
1223 3094 1272 3128 ad
1303 3090 1471 3138 B'enyelii
1501 3096 1543 3127 ut
1575 3092 1706 3127 bonum
1736 3091 1791 3125 ita
1821 3090 2061 3126 necessarium
