2242 3496
470 168 552 207 112
1068 166 1115 200 M.
1143 166 1283 200 TVLLI
1310 166 1562 202 CICERONIS

466 279 610 317 autem
643 275 804 316 alienos
838 274 928 314 sine
962 274 1050 314 ullo
1089 274 1236 315 dolore
1268 274 1537 316 intuentibus
1576 276 1708 317 etiam
1746 277 1839 332 ipsa
1871 278 2165 321 misericordia

465 350 531 388 est
571 346 765 387 iucunda.
828 359 954 398 quem
999 344 1112 385 enim
1156 347 1354 386 nostrum
1398 346 1471 387 ille
1516 346 1702 388 moriens
1747 349 1858 402 apud
1897 348 2164 391 Mantineam

463 416 784 471 Epaminondas
817 430 903 456 non
936 428 1032 456 cum
1065 415 1248 469 quadam
1274 416 1552 458 miseratione
1579 417 1792 460 delectat?
1832 420 1904 474 qui
1931 422 2025 461 tum
2051 421 2163 462 deni-

465 502 545 541 que
578 487 660 527 sibi
694 486 819 527 evelli
856 485 977 527 iubet
1014 486 1246 541 spiculum,
1283 490 1435 541 postea
1467 502 1595 542 quam
1628 488 1666 530 ei
1697 491 1970 544 percontanti
2002 491 2164 534 dictum

463 561 529 599 cst
561 557 746 611 clipeum
780 571 872 598 esse
906 557 1090 611 salvum,
1128 560 1177 598 ut
1209 557 1341 598 etiam
1372 558 1418 598 in
1449 559 1640 600 vulneris
1673 560 1818 602 dolore
1851 576 1986 615 aequo
2019 562 2163 605 animo
2201 578 2217 602 5

463 644 558 670 cum
600 628 724 668 laude
769 630 1020 669 moreretur.
1087 627 1249 682 †cuius
1295 629 1487 670 studium
1530 629 1575 670 in
1618 630 1800 685 legendo
1844 646 1931 673 non
1974 635 2164 675 erectum

464 698 749 739 Themistocli
787 698 892 753 fuga
930 698 1155 754 redituque
1195 699 1433 740 retinetur?
1482 699 1641 741 etenim
1680 701 1783 743 ordo
1821 702 1912 756 ipse
1945 704 2163 746 annalium

463 768 737 810 mediocriter
767 784 846 810 nos
879 770 1038 811 retinet
1071 770 1193 824 quasi
1226 770 1549 812 enumeratione
1581 771 1811 813 fastorum:
1848 776 1892 814 at
1923 773 2005 815 viri
2036 788 2163 830 saepe

461 840 708 882 excellentis
748 840 958 895 ancipites
990 838 1183 895 variique
1223 856 1347 883 casus
1385 841 1549 883 habent
1581 842 1912 885 admirationem
1944 848 2163 900 exspecta-

450 912 642 966 tionem,
673 911 887 952 laetitiam
920 912 1185 966 molestiam,
1218 927 1338 967 spem
1370 913 1590 968 timorem3
1629 913 1665 954 si
1697 929 1796 956 vero
1829 915 1948 957 exitu
1977 916 2162 958 notabili

462 982 788 1036 concluduntur,
821 982 1018 1036 expletur
1045 983 1213 1024 animus
1239 983 1549 1026 iucundissima
1574 985 1774 1027 lectionis
1800 986 2034 1041 voluptate.
2077 1002 2161 1042 quo

460 1053 567 1095 mihi
607 1053 812 1095 acciderit
852 1054 1063 1108 optatius,
1103 1055 1139 1095 si
1177 1055 1221 1095 in
1258 1054 1337 1097 hac
1369 1056 1582 1097 sententia
1612 1056 1763 1111 fueris,
1803 1060 1853 1098 ut
1885 1072 1909 1098 a
1941 1058 2163 1100 continen-

459 1126 576 1166 tibus
609 1125 697 1166 tuis
731 1125 921 1179 scriptis,
953 1125 999 1166 in
1031 1125 1187 1180 quibus
1219 1129 1474 1181 perpetuam
1506 1142 1647 1168 rerum
1680 1130 1902 1182 gestarum
1931 1128 2161 1171 historiam

459 1196 764 1251 conplecteris,
815 1211 1011 1238 secernas
1061 1197 1172 1239 hanc
1217 1198 1341 1251 quasi
1390 1197 1583 1239 fabulam
1635 1213 1779 1239 rerum
1824 1202 2160 1255 eventorumque

456 1270 725 1323 nostrorum3
757 1267 890 1309 habet
922 1267 1036 1309 enim
1068 1266 1211 1310 varios
1244 1271 1366 1310 actus
1398 1269 1642 1323 multasque
1676 1269 1867 1312 actiones
1894 1273 1938 1312 et
1963 1271 2162 1313 consilio-

455 1353 551 1380 rum
578 1341 622 1379 et
647 1341 904 1393 temporum.
958 1354 1005 1381 ac
1037 1353 1125 1380 non
1150 1354 1311 1395 vereor,
1342 1355 1395 1381 ne
1426 1340 1802 1383 adsentatiuncula
1829 1341 2013 1396 quadam
2040 1356 2164 1384 aucu-

456 1410 550 1464 pari
583 1412 705 1452 tuam
738 1409 925 1465 gratiam
950 1410 1109 1466 videar,
1146 1425 1277 1465 quom
1309 1411 1392 1453 hoc
1425 1411 1729 1467 demonstrem,
1760 1427 1828 1454 me
1861 1427 1886 1453 a
1917 1415 1960 1454 te
1992 1412 2165 1467 potissi-

453 1496 572 1522 mum
605 1481 751 1523 ornari
784 1481 1078 1536 celebrarique
1108 1483 1234 1536 velle,
1267 1496 1405 1537 neque
1439 1482 1554 1523 enim
1586 1485 1635 1524 tu
1666 1483 1703 1524 is
1737 1497 1801 1537 es,
1834 1483 1928 1538 qui,
1963 1482 2065 1538 quid
2097 1483 2157 1525 sis

454 1552 622 1594 nescias
655 1555 699 1594 et
733 1552 805 1607 qui
836 1567 924 1594 non
950 1567 1022 1595 eos
1049 1553 1202 1609 magis,
1236 1553 1309 1608 qui
1341 1556 1384 1595 te
1415 1568 1503 1595 non
1529 1553 1808 1609 admirentur,
1839 1553 2007 1596 invidos
2034 1570 2164 1610 quam

451 1639 543 1679 eos,
586 1624 658 1679 qui
691 1624 884 1679 laudent,
923 1624 1218 1666 adsentatores
1252 1624 1480 1679 arbitrere,
1511 1639 1648 1679 neque
1683 1628 1828 1667 autem
1860 1639 1940 1681 ego
1974 1641 2069 1667 sum
2099 1626 2164 1667 ita

450 1695 636 1749 demens,
668 1698 718 1736 ut
751 1709 817 1736 me
851 1694 1138 1749 sempiternae
1167 1695 1330 1751 gloriae
1356 1711 1433 1750 per
1460 1710 1557 1737 eum
1585 1696 1875 1738 commendari
1907 1697 2049 1752 velim,
2085 1697 2159 1751 qui

450 1780 539 1807 non
582 1766 674 1821 ipse
718 1780 889 1820 quoque
929 1765 973 1807 in
1011 1781 1079 1808 me
1121 1767 1459 1808 commendando
1504 1766 1727 1822 propriam
1770 1767 1934 1823 ingenii
1979 1767 2164 1822 gloriam

453 1840 755 1892 consequatur.
810 1851 949 1892 neque
989 1837 1102 1878 enim
1141 1837 1386 1879 Alexander
1427 1838 1500 1879 ille
1546 1838 1712 1893 gratiae
1751 1852 1880 1880 causa
1918 1838 1972 1879 ab
2010 1837 2163 1892 Apelle

450 1908 728 1963 potissimum
771 1908 894 1963 pingi
940 1911 982 1949 et
1022 1924 1046 1950 a
1084 1908 1276 1964 Lysippo
1320 1909 1428 1964 fingi
1472 1909 1664 1964 volebat,
1709 1909 1782 1950 sed
1827 1909 1942 1964 quod
1983 1909 2161 1950 illorum

452 1982 589 2020 artem
630 1994 726 2021 cum
764 1979 892 2034 ipsis,
930 1982 1023 2021 tum
1063 1980 1194 2021 etiam
1235 1980 1318 2021 sibi
1357 1980 1521 2035 gloriae
1560 1980 1651 2021 fore
1683 1980 1879 2035 putabat.
1934 1982 2065 2034 atque
2097 1980 2162 2021 illi

450 2051 638 2092 artifices
672 2050 866 2105 corporis
901 2051 1132 2092 simulacra
1158 2051 1321 2107 ignotis
1348 2054 1452 2093 nota
1478 2050 1713 2105 faciebant3
1751 2065 1859 2106 quae
1885 2051 1952 2092 vel
1979 2051 2016 2092 si
2040 2051 2161 2092 nulla

451 2122 557 2177 sint,
588 2122 726 2163 nihilo
760 2122 848 2163 sint
880 2125 1025 2163 tamen
1057 2123 1328 2164 obscuriores
1363 2123 1468 2164 clari
1500 2123 1598 2177 riri,
1641 2123 1759 2177 †nec
1792 2122 1934 2164 minus
1967 2125 2034 2164 est
2067 2136 2160 2177 spa-

448 2192 578 2234 tiates
611 2192 842 2247 Agesilaus
881 2193 955 2235 ille
993 2194 1303 2249 perhibendus,
1345 2195 1418 2248 qui
1456 2209 1594 2248 neque
1632 2193 1798 2248 pictam
1834 2208 1973 2248 neque
2011 2193 2159 2235 fictam

565 2325 596 2356 3.
624 2333 707 2356 cum
733 2334 776 2357 eoe
802 2334 890 2366 qum
915 2323 976 2357 llll
1001 2325 1013 2366 l}
1038 2322 1361 2358 commiseratione
1387 2323 1423 2358 R
1443 2324 1453 2368 ΙΙ
1473 2322 1538 2367 (1111
1563 2322 1657 2368 tum]
1685 2321 1859 2366 quintum
1885 2324 1920 2356 Ω,
1943 2324 1955 2368 ΙΙ
1983 2326 2016 2357 4.
2044 2321 2155 2356 evelli

448 2369 610 2414 Kayser,
643 2368 756 2404 auelli
789 2371 832 2405 Ω.
872 2371 917 2413 cf.
946 2371 1116 2415 lVo'lfslin
1144 2371 1266 2406 Herm.
1293 2370 1396 2404 XXII
1416 2382 1455 2414 p.
1475 2374 1542 2404 493
1575 2372 1586 2413 ΙΙ
1618 2369 1852 2414 percontenti
1878 2371 1958 2415 (sic)
1985 2370 2038 2413 R,
2073 2380 2154 2414 per-

447 2417 617 2450 cunt-anti
651 2418 701 2460 G,
733 2417 994 2461 percunctanti
1025 2419 1074 2452 M
1100 2420 1111 2461 ΙΙ
1143 2422 1175 2453 5.
1209 2429 1328 2462 aequo
1362 2429 1400 2461 ς,
1437 2418 1640 2461 aequeM,
1675 2419 1786 2462 atque
1813 2417 1886 2452 GR
1916 2419 1928 2461 ΙΙ
1961 2421 1992 2452 7.
2026 2416 2156 2462 fugam

446 2463 679 2508 reditumque
715 2465 786 2499 GR
824 2468 834 2508 ΙΙ
871 2465 1085 2510 redituque]
1119 2465 1347 2510 interituque
1383 2466 1434 2500 cel
1467 2464 1641 2509 exituque
1677 2466 1762 2508 alii,
1801 2464 1979 2499 Themist.
2014 2463 2154 2511 <exilio

449 2512 514 2544 aut
540 2511 776 2558 Alcibiadis>
810 2512 900 2556 fuga
932 2512 1128 2556 redituque
1155 2513 1302 2556 Scheibe,
1334 2512 1400 2547 Th.
1428 2512 1563 2558 (fuga,
1599 2511 1816 2558 Coriolani>
1842 2511 1934 2557 fuga
1957 2511 2155 2555 redituque

452 2559 604 2603 Tyrrell,
629 2558 845 2602 reditusque
873 2570 936 2604 spe
962 2561 1110 2594 tenetur
1136 2561 1231 2595 Boot
1260 2561 1322 2604 (sul
1350 2560 1420 2594 Cic.
1447 2561 1497 2594 (nl
1522 2561 1598 2594 Att.
1626 2559 1687 2602 IV,
1714 2563 1746 2603 6,
1773 2563 1809 2604 4)
1829 2562 1840 2603 ΙΙ
1860 2558 2052 2593 annalium
2077 2559 2154 2602 MC,

449 2610 480 2639 et
509 2606 559 2639 (Ἡ
591 2618 635 2640 ea:
662 2606 871 2650 amulium,
903 2612 945 2642 ut
973 2609 1060 2650 rid„
1097 2618 1145 2641 an
1171 2607 1286 2641 alium
1312 2608 1416 2642 M¹R
1448 2609 1460 2651 ll
1492 2610 1545 2641 10.
1579 2606 1740 2641 notabili
1775 2607 1824 2651 G,
1857 2605 2018 2640 notabili
2043 2606 2125 2640 MR
2144 2611 2156 2651 11

452 2656 503 2686 11.
532 2653 802 2687 concluduntur
827 2666 871 2688 ar
897 2654 987 2688 excl.
1015 2655 1064 2688 M
1068 2654 1086 2698 ¹,
1115 2655 1204 2689 excl.
1235 2655 1306 2689 GR
1327 2656 1337 2698 ΙΙ
1366 2658 1421 2689 12.
1449 2653 1615 2699 optatius
1631 2675 1674 2678 —
1690 2653 1968 2688 continentibus
1994 2664 2060 2688 om.
2090 2653 2124 2687 G
2145 2663 2156 2698 11

450 2699 520 2734 hac
546 2701 593 2744 R,
620 2700 713 2734 haec
739 2701 788 2734 M
807 2703 818 2745 ΙΙ
846 2705 897 2736 13.
926 2701 965 2735 in
991 2702 1142 2747 quibus]
1177 2702 1312 2746 quibus
1339 2702 1535 2737 Frotsclzer
1560 2706 1591 2736 et
1617 2702 1713 2736 Boot
1738 2702 1775 2746 (l.
1803 2702 1853 2745 d.)
1879 2703 1891 2745 ΙΙ
1920 2703 1972 2734 15.
1998 2698 2154 2733 multas-

450 2758 520 2789 que
559 2747 723 2782 actiones
763 2760 843 2782 cum
880 2749 1079 2784 Schmalzio
1117 2750 1325 2793 (Antibarb.
1366 2749 1492 2783 Krebs.
1525 2749 1582 2782 11¹⁵
1620 2760 1654 2792 2).
1682 2750 1765 2793 491)
1795 2752 1933 2783 contra
1969 2747 2155 2799 DIaaeIvigyigI

451 2794 749 2839 mutationesque
777 2797 877 2829 temti
909 2797 919 2840 ΙΙ
953 2800 1005 2830 16.
1033 2796 1224 2840 quaddam
1250 2798 1299 2831 M
1323 2798 1332 2841 Η
1362 2800 1415 2831 17.
1444 2796 1571 2841 (111οω]
1600 2807 1712 2839 quam
1738 2797 1782 2839 Ω,
1811 2806 1895 2829 cum
1920 2805 1940 2831 ς
1965 2795 1977 2839 ΙΙ
2007 2797 2061 2828 18.
2090 2805 2154 2837 qui

451 2841 541 2883 quid
567 2853 604 2885 ς,
631 2842 809 2886 quicquid
837 2843 926 2886 GR,
953 2844 1043 2886 quid
1069 2845 1124 2887 M,
1151 2844 1215 2888 qui
1241 2844 1305 2888 (1111
1331 2845 1399 2878 am
1429 2846 1440 2887 ll
1472 2847 1527 2878 20.
1554 2842 1713 2877 laudant
1739 2843 1773 2877 G
1800 2843 1811 2886 ΙΙ
1840 2845 1895 2875 25.
1923 2840 2029 2884 atqui
2054 2842 2122 2875 (ιῖιῖιῖ
2148 2850 2149 2855 ’

452 2892 505 2922 27.
534 2892 587 2924 28.
616 2889 799 2933 spatiates
826 2892 870 2933 Ω,
898 2890 1099 2934 spartiates
1127 2902 1146 2928 ς
1173 2894 1184 2935 Η
1210 2896 1263 2926 28.
1290 2890 1506 2935 hagesilaus
1531 2891 1581 2924 M
1594 2892 1605 2934 ΙΙ
1624 2889 1689 2923 ille
1712 2887 1980 2933 perhibendusj
2007 2888 2152 2922 celeber

452 2933 643 2969 habendus
677 2938 845 2980 ΠἭΙῙῙΙιή
878 2937 1016 2981 (Herm.
1044 2938 1146 2972 XXII
1173 2951 1211 2983 P.
1233 2940 1332 2982 493),
1371 2939 1436 2973 ubi
1467 2942 1586 2972 tcmnen
1617 2937 1767 2979 offendit
1804 2935 1950 2969 celeber
1980 2946 2052 2970 voc.
2091 2937 2152 2980 (cf.

454 2994 538 3016 (mn.
568 2984 659 3026 phil.
688 2987 776 3017 1891
800 2996 838 3027 p.
862 2986 930 3027 74).
965 2989 1081 3028 potest
1113 2990 1232 3020 autem
1262 2988 1371 3021 etiam
1401 2987 1444 3019 in
1475 2983 1656 3028 spatiates
1691 2983 1788 3017 sedes
1818 2983 1907 3017 mali
1938 2984 2083 3027 quaeri,
2113 2987 2154 3018 ut

455 3028 564 3063 hamt
591 3032 775 3074 superstes
806 3032 860 3066 rel
894 3031 964 3065 talc
995 3033 1084 3075 qnid
1122 3032 1354 3077 (spectabilis
1387 3032 1572 3074 Schmalz).
1619 3030 1805 3073 superstes
1835 3029 2087 3073 perhibendus
2112 3034 2155 3065 ut

453 3076 501 3108 ad
528 3081 713 3119 poetaram
753 3089 943 3112 sermonem
983 3080 1145 3122 accedat,
1184 3092 1205 3113 (ι
1245 3081 1355 3114 totius
1393 3080 1461 3113 Ioci
1497 3079 1612 3112 colore
1647 3088 1721 3111 'non
1758 3078 1900 3112 ridetur
1936 3078 2124 3112 abhorrere
2142 3079 2154 3124 Η

453 3122 594 3167 fictam]
622 3125 745 3158 fictam
771 3126 849 3158 tam
875 3126 909 3158 Ω

2183 934 2216 958 10

2185 1287 2218 1313 15

2185 1644 2220 1669 20

2181 1997 2214 2023 25
