2242 3496
391 159 475 200 274
985 154 1031 188 Μ.
1060 153 1199 187 TVLLI
1226 151 1476 186 CICERONIS

389 268 474 308 iam
511 281 564 308 110
603 264 794 306 Caesaris
834 262 1005 316 quidem
1044 260 1257 314 exemplo:
1304 260 1416 313 quod
1454 259 1566 300 ludis
1607 263 1877 314 praetextam
1914 261 1964 303 de
2003 277 2079 304 suo

389 337 541 378 itinere
586 336 635 375 ad
678 334 723 375 L.
755 332 986 373 Lentulum
1029 345 1195 384 procos.
1240 330 1561 371 sollicitandum
1601 331 1768 386 posuit,
1812 334 1854 372 et
1899 332 2081 386 quidem,

390 423 485 449 cum
523 407 739 460 ageretur,
777 402 896 443 flevit
934 400 1141 442 memoria
1178 414 1321 441 rerum
1359 403 1580 455 gestarum
1620 404 1879 456 commotus3
1922 402 2082 457 gladia-

388 477 554 519 toribus
589 477 730 516 autem
761 473 944 528 Fadium
976 470 1204 525 quendam,
1246 471 1429 512 militem
1461 471 1789 526 Pompeianum,
1830 472 1946 527 quia,
1985 487 2081 514 cum

388 548 610 601 depressus
642 546 686 586 in
718 544 865 585 ludum
897 542 964 583 bis
997 541 1134 597 gratis
1168 542 1474 597 depugnasset,
1513 545 1737 584 auctorare
1777 557 1868 584 sese
1904 543 2082 585 nolebat
2117 557 2133 582 5

387 620 429 658 et
473 617 524 657 ad
573 615 780 670 populum
830 613 1104 668 confugerat,
1156 612 1343 667 primum
1390 612 1538 654 Gallos
1589 613 1755 667 equites
1806 613 1988 655 immisit
2037 614 2082 655 in

384 687 590 741 populum
626 709 673 714 —
711 684 893 726 coniecti
939 683 1052 724 enim
1089 683 1253 738 lapides
1299 686 1399 725 sunt
1436 683 1482 724 in
1519 698 1633 738 eum,
1678 698 1774 725 cum
1812 684 2082 739 abriperetur

383 757 542 799 Fadius
578 780 648 808 —-,
690 755 839 796 deinde
878 753 1147 795 abstractum
1186 753 1349 795 defodit
1379 754 1424 795 in
1455 754 1556 795 ludo
1590 757 1633 795 et
1664 754 1808 796 vivum
1847 755 2082 810 conbussit,

384 843 479 869 cum
525 827 695 881 quidem
738 839 922 879 pransus
965 825 1091 866 nudis
1136 825 1338 880 pedibus,
1388 825 1534 867 tunica
1579 825 1741 880 soluta,
1786 825 1984 867 manibus
2029 826 2082 868 ad

383 902 554 954 tergum
591 896 760 939 reiectis
802 896 1092 937 inambularet
1124 898 1167 937 et
1197 895 1263 937 illi
1295 896 1452 937 misero
1494 896 1739 950 quiritanti:
1784 896 1838 938 ‘c.
1871 895 1922 938 R.
1952 899 2081 938 natus
2102 911 2136 936 ιο

383 969 496 1010 sum’
536 968 833 1023 responderet:
874 966 968 1008 ‘abi
1006 982 1136 1021 nunc,
1174 967 1323 1021 populi
1361 967 1488 1008 fidem
1525 966 1749 1022 implora’,
1792 967 1943 1009 bestiis
1981 982 2081 1010 vero

383 1040 486 1082 civis
512 1039 746 1093 Romanos,
779 1039 822 1079 in
855 1038 916 1079 eis
945 1037 1247 1079 circulatorem
1274 1038 1487 1092 quendam
1515 1038 1774 1093 auctionum,
1806 1038 2082 1080 notissimum

382 1111 601 1152 hominem
637 1109 828 1163 Hispali,
872 1108 973 1163 quia
1010 1108 1215 1150 deformis
1255 1111 1366 1163 erat,
1411 1108 1583 1150 obiecit.
1645 1124 1742 1151 cum
1785 1108 2082 1152 huiuscemodi

381 1185 583 1236 portento
629 1195 695 1222 res
742 1180 849 1221 mihi
893 1179 986 1220 fuit.
1056 1180 1131 1220 sed
1175 1180 1225 1221 de
1269 1180 1344 1221 illo
1396 1180 1522 1234 plura
1566 1195 1732 1235 coram3
1783 1195 1917 1235 nunc,
1968 1181 2081 1235 quod

381 1255 590 1306 praestat:
633 1251 735 1305 quid
773 1265 840 1292 me
878 1249 1022 1292 velitis
1060 1250 1218 1304 facere,
1257 1250 1521 1292 constituite.
1583 1251 1664 1292 tris
1701 1251 1893 1306 legiones
1931 1252 2078 1294 firmas
2102 1265 2136 1291 15

380 1323 536 1377 habeo,
581 1337 762 1377 quarum
804 1336 950 1376 unam,
994 1333 1165 1375 XXVIII,
1210 1336 1306 1363 cum
1347 1322 1398 1362 ad
1438 1336 1481 1362 se
1520 1321 1646 1363 initio
1688 1321 1791 1363 belli
1832 1323 2082 1365 arcessisset

381 1393 597 1434 Antonius
639 1393 719 1434 1130
760 1392 1096 1447 pollicitatione,
1142 1408 1225 1447 quo
1266 1393 1333 1434 die
1371 1393 1416 1434 in
1454 1395 1596 1434 castra
1636 1393 1841 1448 venisset,
1885 1394 2080 1436 denarios

381 1465 621 1520 quingenos
656 1464 839 1519 singulis
866 1463 1081 1505 militibus
1114 1464 1328 1519 daturum,
1361 1463 1406 1505 111
1437 1464 1620 1505 victoria
1652 1478 1751 1506 vero
1785 1464 1932 1506 eadem
1963 1480 2082 1520 prae·

381 1536 477 1585 mia,
511 1550 618 1589 quae
652 1534 739 1576 suis
772 1535 1017 1590 legionibus
1045 1560 1101 1564 --
1129 1550 1312 1589 quorum
1345 1534 1440 1590 quis
1472 1535 1606 1576 ullam
1638 1535 1768 1576 finem
1801 1538 1875 1577 aut
1907 1537 2080 1578 modum

379 1605 571 1648 futurum
603 1605 805 1660 putabit?
839 1629 916 1661 —,
947 1605 1300 1648 incitatissimam
1331 1606 1503 1661 retinui,
1536 1620 1662 1661 aegre
1695 1606 1972 1662 mehercules,
2003 1622 2081 1649 nec
2100 1620 2135 1646 20
2175 1623 2182 1630 ·

382 1677 672 1727 retinuissem,
712 1677 748 1718 si
780 1692 865 1718 uno
898 1677 992 1718 loco
1024 1677 1291 1732 habuissem,
1330 1680 1481 1732 utpote
1515 1692 1608 1719 cum
1644 1677 1839 1732 singulae
1873 1677 2081 1732 quaedam

381 1748 579 1790 cohortes
613 1748 868 1789 seditionem
900 1747 1092 1789 fecerint.
1144 1749 1332 1803 reliquas
1366 1763 1535 1803 quoque
1568 1748 1761 1803 legiones
1793 1763 1880 1790 non
1911 1748 2081 1790 destitit

379 1819 538 1860 litteris
584 1822 712 1873 atque
758 1818 942 1859 infinitis
986 1819 1376 1873 pollicitationibus
1419 1819 1611 1860 incitare.
1673 1834 1750 1860 nec
1794 1834 1894 1861 vero
1938 1820 2079 1861 minus

379 1888 567 1944 Lepidus
612 1890 723 1931 ursit
767 1905 834 1931 me
879 1892 922 1931 et
967 1889 1055 1931 suis
1101 1893 1144 1931 et
1188 1891 1369 1932 Antonii
1414 1889 1595 1945 litteris,
1641 1893 1690 1931 ut
1733 1889 1948 1945 legionem
1986 1902 2114 1931 XXX-

336 1974 348 1990 V
381 1961 598 2002 mitterem
639 1961 733 2002 sibi.
796 1961 960 2015 itaque,
999 1976 1125 2015 quem
1164 1961 1399 2003 exercitum
1437 1975 1574 2015 neque
1607 1961 1787 2002 vendere
1824 1960 1926 2002 ullis
1962 1976 2080 2016 prae·
2101 1974 2134 2001 25

380 2032 478 2073 miis
511 2032 629 2073 volui
660 2047 738 2074 nec
771 2046 919 2074 eorum
952 2032 1240 2086 periculorum
1276 2035 1414 2087 metu,
1456 2047 1565 2086 quae
1597 2032 1835 2073 victoribus
1867 2032 1954 2073 illis
1987 2046 2081 2087 por-

380 2103 677 2158 tendebantur,
704 2103 960 2158 deminuere,
987 2104 1153 2145 debetis
1181 2104 1442 2145 existumare
1469 2106 1686 2144 retentum
1711 2105 1754 2144 et
1780 2105 2080 2145 conservatum

379 2174 441 2215 rei
472 2190 511 2228 p.
545 2189 653 2229 esse,
694 2177 822 2229 atque
855 2174 918 2215 ita
950 2174 1138 2228 credere,
1177 2175 1474 2229 quodcumque
1513 2173 1826 2229 imperassetiS,
1863 2174 2080 2216 facturum

498 2353 528 2385 1.
554 2351 801 2396 praetextam]
828 2351 874 2393 cf.
901 2350 1064 2386 801111101Ζο
1083 2362 1123 2395 2).
1145 2354 1188 2384 32
1209 2351 1220 2395 Ι]
1239 2354 1271 2385 2.
1298 2349 1440 2397 posuit]
1468 2350 1676 2395 composuit
1701 2353 1820 2386 nescio
1840 2351 1921 2396 quis
1940 2371 1985 2376 —
2005 2362 2079 2386 ‘non

379 2397 534 2432 Ribbeck·
560 2399 618 2441 (⁹12
644 2399 765 2443 Tra9.’
788 2410 826 2442 p.
850 2399 932 2442 625)
959 2410 983 2432 α
1007 2398 1139 2432 Boott'o
1166 2398 1267 2442 Cobs.
1295 2398 1390 2433 crit?
1416 2410 1454 2443 1).
1477 2401 1536 2442 22)
1559 2400 1727 2443 prolatus
1747 2419 1803 2443 —,
1830 2399 2079 2443 (praetextam

382 2444 516 2491 (agi).
533 2474 539 2480 .
558 2447 584 2490 .)
610 2445 781 2490 poposcit
806 2446 899 2480 Boot
931 2446 941 2489 ΙΙ
973 2448 1005 2480 3.
1031 2456 1153 2479 rerum
1185 2446 1376 2490 gestarum
1407 2445 1587 2479 memoria
1618 2447 1823 2480 commotus
1849 2446 1895 2480 H
1921 2449 1933 2490 Η
1963 2449 1995 2481 4.
2022 2445 2078 2480 fa—

379 2491 482 2526 bium
498 2493 541 2526 H
555 2494 567 2536 ΙΙ
587 2496 618 2527 5.
640 2494 833 2527 auctorare
848 2493 1003 2538 Madviy
1024 2493 1135 2537 Cerdo.
1156 2493 1251 2528 crit?
1274 2492 1308 2526 II
1323 2494 1460 2537 1²·234)
1488 2497 1520 2527 et
1542 2493 1733 2528 Gitlbauer
1753 2494 1920 2538 (Wiener
1939 2493 2042 2528 Stud.
2061 2493 2079 2527 I

375 2551 413 2582 1).
436 2541 528 2584 267),
555 2541 705 2574 auctore
730 2541 774 2574 Ω,
814 2539 1001 2574 auctorari
1028 2551 1048 2577 ς
1080 2541 1091 2584 Ι]
1125 2544 1155 2575 7.
1184 2539 1358 2585 001110011]
1394 2539 1554 2575 conlecti
1578 2541 1633 2585 M,
1661 2539 1809 2576 collecti
1833 2540 1915 2574 HD
1945 2542 1956 2585 ΙΙ
1988 2539 2078 2574 arri-

378 2588 526 2630 peretur
551 2588 619 2621 alit
649 2589 659 2631 ll
692 2590 746 2622 10.
775 2591 828 2621 11.
861 2598 890 2622 0.
917 2587 959 2621 R.
986 2589 1097 2621 natus
1124 2598 1205 2621 sum
1230 2588 1295 2622 del.
1325 2588 1450 2633 Kleyn
1475 2589 1528 2632 (p.
1552 2589 1621 2631 13),
1654 2589 1764 2622 natus
1791 2589 1856 2623 del.
1877 2592 1962 2632 post
1986 2589 2078 2623 alios

378 2634 423 2667 A.
446 2634 501 2668 W.
522 2634 655 2679 Zumpt
681 2634 1004 2678 (‘Crimessmclrecht’
1033 2635 1059 2679 I,
1089 2638 1105 2667 1
1129 2647 1168 2680 p.
1191 2638 1257 2669 187
1279 2636 1378 2680 adn.)
1409 2637 1420 2679 ΙΙ
1453 2638 1507 2670 11.
1535 2634 1612 2680 abi]
1639 2635 1653 2669 i
1679 2636 1805 2681 Kzeyn
1831 2636 1884 2679 (10.
1907 2636 1978 2680 14),
2003 2646 2078 2670 non

380 2681 557 2715 intellecta
581 2683 715 2716 scilicet
741 2683 830 2716 dicta·
855 2683 1067 2718 crudelitate
1098 2683 1108 2727 Η
1141 2686 1195 2717 12.
1224 2681 1294 2727 eis]
1320 2681 1366 2716 iis
1392 2682 1454 2726 M,
1480 2681 1538 2716 his
1565 2682 1646 2717 HD
1669 2683 1681 2727 ΙΙ
1706 2681 1980 2727 circulatorem]
2009 2681 2077 2716 cir-

379 2727 619 2762 cumlatorem
651 2728 802 2773 (circum
833 2728 991 2763 latorem
1018 2729 1112 2774 HD)
1144 2731 1184 2764 Ψ
1215 2731 1226 2774 Η
1266 2733 1318 2764 16.
1347 2728 1616 2776 quarumssssss
1647 2731 1725 2774 (fin.
1750 2741 1819 2773 vs„
1848 2730 1923 2773 fuit
1948 2730 2076 2773 unam)

380 2786 491 2808 unam
510 2776 557 2809 M
573 2777 584 2820 Ι]
604 2775 834 2821 arcessisset]
862 2776 1081 2810 accessisset
1099 2776 1197 2821 MH,
1225 2776 1443 2811 accersisset
1467 2789 1511 2812 ex
1537 2776 1757 2811 accessisset
1779 2776 1836 2811 Dl
1855 2778 1866 2819 ΙΙ
1887 2779 1940 2810 18.
1968 2775 2075 2820 quin-

378 2832 490 2865 genos
516 2823 576 2866 M,
610 2822 831 2868 quingentos
857 2824 938 2857 HD
974 2825 986 2868 Η
1025 2828 1078 2858 19.
1105 2823 1238 2870 ullam]
1265 2824 1384 2858 ullum
1409 2835 1441 2861 ς.
1485 2824 1530 2867 cf.
1559 2824 1722 2859 Schmalz
1742 2835 1779 2868 p.
1802 2827 1822 2857 9
1855 2825 1866 2866 ΙΙ
1896 2822 2007 2857 finem
2033 2835 2076 2858 ex

379 2868 488 2902 fidem
514 2870 584 2913 M,
610 2870 720 2904 fidem
746 2871 791 2904 H
817 2872 828 2915 Ι]
860 2874 915 2905 20.
941 2871 1107 2917 putabit]
1139 2870 1290 2916 putauit
1321 2874 1360 2905 Ψ
1386 2874 1397 2916 Ι]
1429 2882 1625 2916 aegremen
1650 2870 1817 2905 hercules
1842 2870 1892 2904 M
1918 2871 1929 2914 Ι]
1962 2873 2015 2905 21.
2044 2869 2076 2904 si

379 2926 450 2949 uno
475 2916 556 2951 loco
582 2917 796 2952 habuissem
820 2929 886 2952 om.
908 2918 988 2951 HD
1007 2920 1018 2962 Η
1037 2919 1167 2963 utpote
1188 2918 1278 2963 HD,
1304 2920 1436 2963 utpute
1457 2919 1507 2953 M
1510 2918 1530 2962 1,
1557 2919 1691 2962 utputa
1710 2918 1760 2952 M
1762 2922 1777 2939 ⁰
1795 2918 1806 2961 Η
1826 2920 1881 2952 22.
1907 2916 2074 2962 legiones

380 2974 443 2996 om.
476 2963 514 2996 D
551 2966 561 3008 ΙΙ
599 2964 800 3010 destititlst‘,
840 2968 859 2998 2
889 2966 954 2999 litt.
988 2977 1033 3000 er.
1067 2967 1109 3000 in
1138 2967 1209 3010 fine
1243 2978 1311 3010 vs,
1343 2967 1392 3001 M
1423 2968 1434 3010 ΙΙ
1471 2969 1527 3000 23.
1565 2964 1738 3010 incitare]
1776 2963 1936 2999 invitare
1971 2964 2076 3000 Cobet

381 3009 565 3051 (Mnemos.
591 3010 686 3046 VIII.
715 3015 816 3046 1880.
838 3024 876 3056 p.
900 3014 999 3057 191),
1035 3014 1216 3049 inutiliter
1253 3016 1264 3058 ΙΙ
1301 3018 1355 3048 27.
1385 3012 1589 3046 diminuere
1614 3012 1653 3045 D
1689 3013 1701 3056 Ι]
1739 3014 1793 3046 28.
1820 3011 2074 3057 imperassetis

380 3055 564 3090 facturum
590 3058 649 3101 M,
687 3058 955 3102 impetrassetis
990 3059 1177 3093 facturum
1202 3060 1259 3104 H,
1298 3058 1551 3104 imperassetis
1582 3058 1749 3093 futurum
1774 3058 1822 3094 D.
1867 3060 2075 3097 duriuscule

379 3113 437 3136 me
462 3103 494 3138 lt.
523 3105 543 3139 l.
570 3106 700 3148 omisit,
726 3107 820 3150 quod
845 3111 962 3141 tamen
990 3108 1142 3142 inserere
1167 3118 1241 3142 non
1267 3108 1357 3142 licet.
1396 3108 1441 3150 cf.
1469 3106 1630 3141 8011111010
1650 3118 1687 3152 2).
1711 3109 1754 3140 33

2176 3170 2242 3496 Μῆβλᾈεε
2212 3010 2242 3160 “v-‘¹:⁴²2-
2216 2963 2217 2966 Α
2239 2914 2242 2924 -
