2242 3496
754 229 1090 266 EPISTVLAHVM
1119 233 1142 267 l.
1172 237 1202 267 9.
1234 237 1284 267 10.
1812 236 1864 275 27

173 351 217 379 se
249 338 502 392 paraturum
537 351 632 377 cum
667 337 833 393 collega
868 339 1031 394 tibique
1066 355 1375 396 successurum,
1407 342 1629 397 legemque
1662 343 1868 385 curiatam

172 408 338 450 consuli
380 407 481 449 ferri
515 422 622 461 opus
656 423 766 462 esse,
805 424 974 452 necesse
1008 426 1091 453 non
1125 427 1236 466 esse3
1277 428 1340 468 se,
1379 413 1581 467 qnoniam
1614 428 1663 453 cx
1697 417 1870 454 senatus

172 478 370 521 consulto
415 477 681 533 provinciam
726 480 923 534 haberet,
966 482 1059 536 lege
1100 482 1298 524 Cornelia
1338 483 1564 538 imperium
1611 483 1871 537 habiturum,

172 549 313 604 quoad
351 549 396 590 in
433 549 583 590 urbem
623 549 857 592 introisset.
922 566 1019 607 ego,
1062 554 1162 608 quid
1201 554 1254 595 ad
1293 558 1333 595 tc
1374 558 1545 596 tuorum
1584 555 1763 609 quisque
1803 570 1870 595 nc-

136 620 457 662 scessariorum
495 620 676 674 scribat,
714 622 877 676 nescio3
921 623 1059 664 varias
1101 639 1192 665 esse
1233 625 1454 679 opiniones
1494 625 1715 680 intellego:
1761 629 1872 678 sunt,

171 691 244 746 qui
276 693 433 746 putant
464 704 591 745 posse
625 693 667 731 te
700 705 785 732 non
818 692 1037 747 decedere,
1077 695 1189 747 quod
1222 695 1312 736 sinc
1345 696 1438 751 lege
1472 696 1637 737 curiata
1669 695 1749 737 tibi
1783 711 1871 737 suc-

170 761 365 816 cedatur3
407 763 509 802 sunt
540 761 692 814 etiam,
726 762 816 815 qui,
849 762 884 803 si
917 763 1112 817 decedas,
1147 780 1170 805 a
1203 768 1243 805 te
1277 766 1460 820 relinqui
1493 781 1637 821 posse,
1670 766 1742 820 qui
1775 782 1867 821 pro-

170 832 335 875 vinciae
372 831 552 887 praesit:
598 831 704 872 mihi
743 847 829 873 non
877 836 966 874 tam
1005 834 1054 875 de
1095 834 1184 875 iure
1227 839 1389 877 certum
1428 841 1493 878 cst
1522 861 1579 866 —
1613 852 1872 891 quamquam

172 917 224 946 ne
257 903 300 945 id
333 903 506 958 quidem
538 902 660 944 valde
693 903 869 944 dubium
911 907 978 945 est
1010 929 1063 933 —
1099 920 1227 959 quam
1260 906 1383 960 illud,
1425 908 1475 947 ad
1509 910 1627 949 tuam
1660 923 1872 949 summam

119 987 151 1013 10
177 974 523 1029 amplitudinem,
555 973 832 1030 dignitatem,
864 974 1128 1030 libertatem,
1162 991 1245 1031 qua
1277 980 1319 1018 te
1353 978 1439 1019 scio
1474 978 1756 1020 libentissime
1789 979 1872 1020 frui

176 1045 328 1099 solere,
358 1045 574 1100 pertinere
608 1048 650 1087 te
684 1045 775 1087 sine
810 1045 895 1087 ulla
927 1060 1048 1088 mora
1074 1047 1340 1101 provinciam
1367 1049 1602 1090 successori
1629 1049 1872 1098 concedere,

175 1116 431 1172 praesertim
471 1131 568 1158 cum
607 1115 698 1158 sine
738 1117 981 1171 suspicione
1024 1121 1122 1159 tuae
1164 1118 1412 1172 cupiditatis
1451 1133 1537 1160 non
1579 1118 1717 1173 possis
1756 1119 1873 1160 illius

177 1186 460 1242 cupiditatem
504 1186 714 1243 refutare3
764 1201 844 1243 ego
888 1192 1119 1243 utrumque
1163 1203 1306 1230 meum
1350 1192 1454 1243 puto
1499 1204 1612 1244 esse,
1665 1193 1728 1244 et,
1772 1190 1871 1244 qnid

177 1258 380 1313 sentiam,
411 1258 636 1301 ostendere
669 1261 730 1313 et,
764 1259 877 1313 quod
908 1258 1061 1300 feceris
1071 1293 1081 1313 ,
1113 1259 1348 1301 defendere.

123 1343 155 1368 15
294 1329 457 1384 scripta
493 1329 580 1371 iam
624 1328 810 1384 epistula
849 1330 1067 1384 superiore
1113 1330 1256 1384 accepi
1300 1335 1395 1373 tuas
1441 1331 1608 1372 litteras
1647 1331 1696 1372 de
1735 1332 1871 1386 publi-

176 1400 312 1455 canis,
348 1400 544 1455 †quibus
583 1400 846 1455 aequitatem
885 1403 1006 1442 tuam
1036 1415 1123 1442 non
1154 1402 1276 1456 potui
1309 1416 1395 1443 non
1425 1402 1625 1456 probare,
1666 1402 1873 1444 felicitate

179 1486 204 1513 a
241 1471 344 1527 quid
384 1471 539 1512 vellem
579 1471 784 1526 consequi
827 1471 1062 1526 potuisses,
1103 1486 1155 1512 ne
1195 1471 1284 1514 eius
1324 1472 1502 1526 ordinis,
1547 1487 1672 1526 quem
1713 1487 1880 1527 semper

179 1542 357 1597 ornasti,
389 1556 481 1583 rem
514 1545 589 1583 aut
623 1542 893 1584 voluntatem
929 1542 1174 1583 offenderes.
1237 1543 1430 1598 equidem
1463 1557 1550 1583 non
1582 1542 1773 1584 desinam
1805 1546 1879 1584 tua

178 1613 352 1655 decreta
390 1612 633 1667 defendere,
671 1613 746 1655 sed
783 1613 899 1655 nosti
938 1611 1291 1655 consuetudinem
1331 1613 1572 1654 hominum:
1614 1613 1715 1667 scis,
1754 1628 1879 1668 quam

127 1698 163 1723 20
182 1684 374 1741 graviter
398 1683 562 1726 inimici
587 1684 672 1739 ipsi
697 1683 763 1725 illi
785 1683 834 1734 Q.
857 1683 1086 1726 Scaevolae
1113 1683 1292 1739 fuerint,
1322 1683 1403 1725 tibi
1430 1686 1574 1725 tamen
1601 1698 1695 1725 sum
1721 1686 1882 1738 auctor,

178 1758 246 1810 ut,
285 1754 323 1797 si
361 1754 519 1810 quibus
557 1756 686 1797 rebus
724 1754 889 1811 possis,
930 1770 1027 1797 eum
1059 1755 1141 1796 tibi
1181 1755 1372 1797 ordinem
1411 1758 1485 1796 aut
1523 1754 1770 1796 reconcilies
1809 1758 1881 1795 aut

182 1826 382 1884 mitiges:
416 1826 459 1868 id
485 1826 568 1868 etsi
587 1825 763 1869 difficile
790 1829 870 1881 est,
895 1829 1041 1868 tamen
1066 1826 1173 1868 mihi
1194 1826 1362 1867 videtur
1387 1840 1480 1867 esse
1508 1825 1758 1880 prudentiae
1785 1828 1882 1866 tuae

929 1956 981 1999 Χ.
1031 1955 1139 2013 (49.)

351 2051 407 2093 Μ.
441 2050 654 2094 CICERO
689 2050 729 2094 s.
761 2050 814 2093 D.
845 2051 892 2093 L.
924 2050 1188 2093 VALERIO
1223 2048 1707 2104 IVRISCONSVLTQ

131 2162 260 2191 250111·
310 2146 424 2188 enim
475 2147 559 2188 tibi
608 2147 690 2189 hoc
733 2161 821 2188 non
870 2146 1105 2202 gratificer,
1155 2146 1320 2200 nescio,
1369 2144 1624 2200 praesertim
1676 2159 1771 2185 cum
1814 2143 1881 2184 his

181 2218 452 2274 temporibus
485 2218 663 2260 audacia
694 2233 772 2273 pro
800 2217 1014 2273 sapientia
1038 2217 1167 2259 liceat
1193 2216 1269 2258 uti.
1321 2215 1506 2257 Lentulo
1535 2218 1686 2256 nostro
1713 2214 1782 2270 egi
1808 2229 1882 2268 per

180 2289 352 2332 litteras
390 2292 466 2331 tuo
505 2288 679 2331 nomine
722 2288 885 2344 gratias
924 2287 1171 2343 diligenter;
1217 2286 1291 2328 sed
1332 2289 1380 2327 tu
1417 2285 1546 2327 velim
1589 2285 1757 2326 desinas
1796 2285 1880 2326 iam

181 2361 345 2403 nostris
382 2360 543 2402 litteris
575 2360 641 2402 uti
674 2363 717 2402 et
747 2373 827 2400 nos
865 2358 1096 2413 aliquando
1134 2357 1296 2399 revisas
1329 2359 1372 2397 et
1403 2356 1463 2397 ibi
1497 2355 1620 2397 malis
1660 2369 1770 2408 esse,
1807 2355 1881 2395 ubi

183 2431 329 2486 aliquo
355 2446 535 2473 numero
569 2431 640 2486 sis,
673 2445 802 2485 quam
828 2429 938 2482 istic,
969 2428 1043 2470 ubi
1070 2427 1186 2470 solus
1214 2442 1360 2482 sapere
1386 2426 1576 2480 videare3
1609 2440 1880 2480 quamquam,

131 2502 259 2558 soqui
295 2502 426 2544 istinc
469 2502 664 2555 veniunt,
710 2500 871 2556 partim
912 2503 953 2541 te
997 2499 1228 2554 superbum
1273 2512 1365 2539 esse
1409 2497 1574 2549 dicunt,
1619 2496 1729 2550 quod
1773 2495 1880 2536 nihil

303 2622 334 2654 1.
361 2629 400 2654 se
425 2620 644 2664 paraturum
670 2619 731 2662 M,
759 2618 1013 2662 seperaturum
1039 2616 1085 2650 R.
1123 2626 1159 2649 se
1186 2624 1345 2659 compar.
1368 2617 1450 2658 post
1476 2613 1566 2647 alios
1592 2612 1817 2656 ll'esewspery,
1843 2615 1881 2645 at

182 2666 230 2708 cf.
257 2666 456 2702 Mommsen
481 2668 503 2702 l.
530 2668 564 2701 d.
587 2679 625 2711 p.
647 2670 688 2700 41
723 2669 755 2700 et
781 2665 867 2699 Sall.
894 2665 976 2699 hist.
1004 2663 1054 2706 ΙΙ,
1084 2666 1143 2705 16,
1164 2667 1183 2695 6
1205 2674 1244 2706 p.
1268 2665 1332 2695 133
1359 2660 1480 2695 Jord.²³
1511 2661 1522 2702 ΙΙ
1553 2668 1799 2692 successernm
1827 2658 1880 2699 M,

185 2712 443 2748 subcessurum
470 2714 506 2749 R
526 2716 537 2758 ΙΙ
556 2714 677 2757 legem
701 2713 755 2747 vel
780 2711 900 2757 legem
926 2709 1075 2754 quidem
1101 2710 1169 2743 alii
1187 2710 1198 2752 ΙΙ
1218 2712 1249 2742 2.
1272 2712 1302 2742 3.
1325 2704 1626 2757 senatuconsulto
1647 2706 1701 2745 M,
1729 2717 1754 2739 s,
1770 2717 1799 2738 c.
1822 2705 1856 2738 R

185 2765 217 2796 4.
244 2761 386 2807 quoad]
412 2760 512 2805 quod
538 2761 619 2795 MR
639 2761 650 2803 ΙΙ
671 2763 701 2794 6.
728 2759 861 2804 putent
886 2759 954 2792 alit
972 2759 983 2801 ΙΙ
1005 2760 1034 2791 7,
1062 2755 1125 2799 qui
1152 2755 1182 2789 si
1208 2756 1284 2797 Mc,
1311 2753 1374 2798 qui
1400 2765 1438 2788 sc
1459 2753 1531 2794 M1,
1558 2764 1639 2796 qu1s
1660 2752 1694 2786 R
1714 2754 1724 2795 ΙΙ
1746 2755 1799 2786 12.
1820 2762 1879 2785 cn-

184 2806 357 2852 piditatis
383 2808 438 2852 M,
464 2807 617 2853 pietatis
638 2807 673 2842 R
693 2808 704 2850 ΙΙ
723 2805 843 2850 possis
865 2806 912 2839 M
914 2809 938 2846 Υ,
965 2802 1084 2849 possit
1103 2803 1183 2838 MR
1203 2804 1214 2846 ΙΙ
1236 2806 1287 2836 13.
1316 2800 1474 2835 refutare
1502 2800 1556 2842 M,
1582 2810 1638 2833 res
1659 2800 1807 2850 mutare
1822 2798 1873 2838 R,

188 2858 242 2889 14.
269 2854 361 2900 quid
385 2854 517 2890 feceris
544 2855 579 2889 R
599 2856 610 2898 Η
638 2857 690 2888 16.
718 2852 869 2897 quibus]
896 2850 960 2885 ubi
986 2851 1120 2885 conieci
1144 2860 1231 2883 mm.
1255 2849 1344 2892 phil.
1374 2851 1458 2882 1891
1483 2859 1521 2891 p.
1545 2850 1599 2888 68,
1626 2844 1720 2897 (in)
1747 2844 1881 2896 qulbus

187 2901 348 2945 Ernesti,
362 2901 496 2946 quibus
513 2900 674 2947 (lectis)
691 2900 866 2935 Strez'cher
879 2899 1025 2943 (p.194)
1046 2899 1058 2940 11
1082 2894 1382 2931 16.17.felicitate
1403 2905 1425 2928 a
1446 2896 1503 2938 (ea
1518 2894 1566 2935 R>
1580 2891 1669 2944 ‘End
1685 2892 1775 2926 MR.
1791 2892 1880 2925 faci-

186 2947 296 2983 litate
322 2948 474 2993 quidem
500 2950 559 2994 (cf.
587 2945 968 2992 Niiyelsbach-Illaller
995 2944 1071 2978 ‘lat
1099 2943 1243 2978 Stilistf
1268 2955 1305 2987 p.
1329 2942 1427 2984 729⁸)
1453 2953 1484 2979 ς,
1511 2938 1690 2973 felicltate
1718 2937 1879 2982 quadam

186 2996 241 3031 vel
264 2995 415 3040 quidem
440 2997 508 3030 alii
533 2997 544 3039 ΙΙ
574 2998 628 3030 17.
655 3006 699 3028 ne
723 3005 800 3038 sup.
828 3003 876 3027 vs.
903 2991 954 3026 Ιι)1
982 2992 992 3034 11
1019 2994 1072 3024 18.
1100 2989 1283 3024 offendere
1309 3000 1347 3023 se
1373 2987 1521 3032 quidem
1547 2987 1592 3020 M
1614 2988 1625 3029 11
1653 2989 1706 3038 19.
1734 2985 1881 3019 decreta

188 3054 233 3078 ex
258 3042 445 3078 decretam
471 3042 529 3077 M'
551 3044 637 3086 1120.
665 3039 720 3075 illi
746 3052 779 3084 q.
807 3037 979 3073 sceuulae
1007 3037 1060 3080 M,
1086 3035 1215 3080 illique
1242 3035 1386 3070 sceuole
1416 3036 1447 3069 H
1467 3037 1478 3077 ΙΙ
1504 3038 1557 3068 21.
1585 3043 1703 3077 possus
1729 3043 1783 3066 om
1824 3032 1881 3074 Ru

189 3092 245 3125 22.
271 3089 421 3135 mitiges
448 3089 502 3130 M,
529 3088 658 3123 initias
684 3089 720 3122 R
739 3089 750 3131 ΙΙ
770 3090 824 3121 24.
845 3086 901 3131 L.]
928 3083 1069 3119 lentulo
1096 3084 1177 3119 MR
1196 3085 1207 3127 ΙΙ
1227 3087 1281 3118 26.
1309 3082 1368 3127 egi
1389 3082 1443 3125 M,
1468 3080 1546 3134 regi
1573 3080 1608 3114 R
1627 3081 1638 3123 u
1659 3082 1713 3114 28.
1730 3078 1880 3133 ‘reni-eas}

189 3137 229 3170 et
252 3137 301 3179 R,
325 3135 469 3171 reuissa
494 3137 593 3170 esset
618 3137 665 3170 M
687 3133 840 3179 (reuises
866 3133 903 3167 et
930 3132 1008 3174 MT)
1027 3132 1038 3175 ΙΙ
1064 3134 1119 3166 29.
1146 3129 1271 3166 uidere
1298 3130 1333 3164 R
1353 3131 1363 3173 ΙΙ
1384 3132 1437 3163 30.
1465 3130 1575 3162 istinc
1602 3127 1792 3171 Graevius,
1816 3127 1879 3162 istl

190 3181 314 3227 (istinc
339 3184 386 3219 M
391 3186 418 3228 r)
444 3193 541 3217 nunc
567 3183 648 3219 MR

1897 1343 1941 1373 2ss
