2242 3542
876 225 1153 259 PRAEFATIM.
1824 222 1866 255 xl

289 336 386 378 hinc
420 339 564 377 autem
597 335 774 390 longum
807 334 857 375 dc
892 334 958 375 his
992 334 1188 389 epistulis
1222 333 1441 375 silentium
1469 357 1526 361 —
1552 332 1661 373 sicut
1696 330 1869 373 omnino

172 409 381 450 bonarum
408 407 653 448 litterarum
673 408 767 447 tum
787 405 1048 460 oblanguere
1069 406 1212 448 studia
1232 430 1301 459 —‚
1328 405 1453 459 idque
1477 418 1560 445 non
1580 403 1871 456 interruptum

171 481 269 521 ante
314 478 455 534 quaiti
501 477 653 518 decimi
699 477 856 519 saeculi
903 477 1077 518 exitum.
1147 492 1254 532 quae
1299 476 1411 518 enim
1458 489 1591 529 usquc
1632 474 1683 514 ad
1722 475 1872 514 nostra

171 555 367 605 tempora
399 549 570 591 duravit
603 548 767 603 opinio,
798 547 906 589 rnisa
939 563 987 588 ea
1021 547 1156 588 Flavii
1192 547 1347 589 Blondi
1380 549 1423 587 et
1456 545 1501 587 P.
1529 544 1713 586 Victorii
1754 544 1871 585 testi-

171 621 338 675 moniis,
371 636 455 675 qua
488 620 710 662 Francisco
739 620 959 661 Peto-arcae
988 618 1206 660 Ciceronis
1240 618 1450 672 epistulae
1485 615 1700 658 miscellae
1735 615 1873 656 crede-

171 693 328 734 bantur
342 692 475 733 fuisse
494 694 621 733 notae
641 690 844 745 illiusque
866 689 1011 730 manui
1033 689 1305 730 tribuebatur
1326 687 1677 742 antiquissimum
1694 685 1871 727 Medicci

170 763 330 806 codicis
356 763 430 816 49,
457 764 482 804 9
517 759 616 817 (M)
647 760 944 817 apographum
978 758 1077 815 (cod.
1107 761 1215 802 Med.
1242 761 1313 812 45³,
1344 761 1386 800 7:
1414 757 1492 814 P),
1532 773 1625 799 eam
1664 756 1871 799 oblivioni

171 849 348 890 prorsus
381 849 472 875 esse
511 832 761 874 tradendam
800 834 900 886 post
933 831 1100 884 Georyiz?
1133 831 1282 885 Voz'yte'i
1314 831 1430 885 (Ber.
1464 831 1500 871 d.
1534 829 1670 871 siichs.
1705 827 1801 870 Ges.
1835 827 1872 868 d.

173 905 305 946 Wiss.
333 905 445 946 1879
478 920 516 958 p.
543 905 595 945 41
616 901 696 958 sq.)
740 906 782 944 et
822 903 998 944 Antonii
1032 902 1178 943 Vicrtel
1215 901 1288 958 (Ἥ.
1322 900 1752 955 Wiederauffindung
1791 913 1870 940 von

171 976 345 1019 Ciceros
388 974 559 1016 Briefen
605 974 738 1015 durch
779 973 998 1016 Petrarca’
1037 973 1203 1029 Regim.
1236 971 1369 1027 1879)
1409 971 1722 1026 disputationes
1759 969 1874 1011 inter

171 1062 318 1089 omnes
357 1047 441 1088 iam
482 1045 693 1088 convenit.
756 1044 1090 1087 evidentissimis
1129 1045 1244 1086 enim
1283 1044 1346 1084 illi
1384 1044 1450 1085 usi
1490 1041 1757 1098 argumentis
1790 1040 1873 1082 evi-

172 1121 321 1161 cerunt
346 1118 454 1160 nihil
480 1117 705 1159 Petrarcae
741 1130 836 1158 cum
868 1116 936 1157 his
970 1115 1167 1171 epistulis
1200 1115 1334 1156 fuisse
1367 1113 1626 1168 commercii,
1658 1112 1730 1153 sed
1758 1111 1875 1152 illius

173 1204 348 1245 operam
382 1203 426 1230 se
460 1188 724 1230 continuisse
757 1188 801 1228 in
833 1187 1160 1229 transcribenda
1193 1187 1330 1228 altera
1362 1185 1633 1237 collectione,
1667 1182 1876 1237 epistulas

172 1261 224 1302 ad
247 1259 456 1314 Atticum,
483 1259 691 1309 Quintum
718 1258 909 1309 fratrem,
935 1257 991 1299 M.
1012 1257 1194 1299 Brutum
1221 1256 1590 1311 Octavianumque
1618 1269 1666 1296 ea
1691 1256 1876 1307 tenente,

173 1332 294 1374 cuius
328 1330 672 1372 vetustissimum
712 1330 923 1384 quendam
958 1328 1148 1370 codicem
1189 1344 1222 1369 a.
1256 1330 1365 1370 1345
1399 1326 1468 1383 (cf.
1506 1327 1552 1368 A.
1580 1325 1749 1368 Viertel
1781 1340 1876 1367 ann.

173 1403 274 1458 phil.
303 1402 418 1444 1880
450 1417 489 1457 p.
517 1399 622 1457 232)
648 1400 842 1442 Veronae
879 1403 1106 1454 repererat.
1164 1399 1368 1441 Petrarca
1401 1399 1535 1455 igitur
1571 1413 1668 1440 cum
1699 1411 1876 1453 prorsus

173 1475 275 1516 hinc
303 1474 361 1516 sit
387 1473 646 1515 amovendus
676 1498 723 1501 —
754 1488 840 1514 non
873 1472 1014 1513 minus
1048 1486 1176 1525 quam
1209 1471 1372 1513 amicus
1405 1471 1495 1512 eius
1528 1470 1723 1524 idemque
1756 1468 1877 1510 disci-

174 1547 299 1600 pulus
332 1544 563 1586 Boccatius
600 1569 670 1597 —,
710 1560 744 1585 a.
780 1543 892 1584 13389
927 1543 1099 1583 demum
1138 1542 1349 1597 epistulae
1383 1542 1598 1583 miscellae
1633 1556 1653 1581 e
1687 1538 1877 1580 tenebris

174 1617 312 1658 denuo
352 1618 579 1670 emergunt
617 1618 660 1656 et
699 1615 750 1656 ad
789 1616 1042 1668 perpetuam
1074 1613 1247 1667 quidem
1286 1613 1394 1655 lucis
1434 1626 1619 1654 usuram.
1682 1626 1731 1652 eo
1765 1610 1879 1652 enim

175 1701 287 1729 anno
308 1687 496 1730 Cobucz'us
515 1686 743 1740 salutatus,
776 1684 1057 1727 cancellarius
1084 1683 1374 1738 Florentinus,
1408 1684 1481 1738 qui
1507 1682 1759 1725 Mediolanii
1785 1697 1878 1723 esse

175 1757 395 1801 Ciceronis
438 1757 647 1812 epistulas
691 1756 885 1798 audierat
922 1781 975 1785 -—
1016 1755 1194 1797 alterius
1237 1756 1428 1810 quidem,
1472 1758 1519 1797 ut
1560 1754 1752 1807 rebatur,
1797 1752 1879 1794 col-

128 1854 133 1857 -
174 1829 384 1884 lectionis,
415 1843 515 1870 nam
543 1828 751 1882 epistulas
781 1827 996 1870 miscellas
1024 1830 1168 1868 extare
1195 1842 1321 1868 nemo
1355 1830 1448 1868 tum
1482 1825 1785 1881 suspicabatur
1813 1849 1881 1878 —,

174 1900 374 1955 precibus
401 1899 490 1941 suis
517 1914 542 1941 a
563 1899 773 1953 Pasqmssno
799 1901 845 1941 de
867 1898 1055 1952 Capellis,
1083 1898 1250 1953 collega
1275 1897 1597 1952 Mediolanensi,
1629 1895 1881 1949 impetravit

173 1974 222 2013 ut
255 1986 328 2013 eae
360 1971 753 2012 transcriberentur
792 1970 958 2024 sibique
998 1969 1286 2010 mitterentur.
1350 1971 1527 2024 accepto
1559 1969 1731 2010 demum
1765 1967 1880 2007 volu-

175 2043 288 2084 mine
330 2041 402 2084 ille
444 2041 660 2083 intellexit
697 2042 968 2095 insperatum
1009 2040 1092 2082 sibi
1133 2040 1385 2082 thesaurum
1429 2039 1658 2095 obtigisse:
1703 2039 1882 2080 miserat

173 2113 417 2169 Pasquinus
444 2113 643 2155 volumen
670 2113 878 2168 epistulas
913 2111 1126 2154 miscellas
1160 2112 1462 2167 complectens.
1478 2108 1509 2167 ¹)
1563 2110 1677 2165 quod
1705 2109 1877 2164 quidem

294 2244 328 2287 1)
356 2242 433 2276 01118
459 2242 513 2276 rei
544 2241 759 2276 testimonio
793 2243 850 2276 est
881 2239 1044 2286 epistula
1075 2252 1097 2274 a
1123 2239 1273 2274 Colucio
1307 2239 1354 2274 ad
1381 2238 1609 2283 Pasquinum
1641 2238 1747 2281 data,
1782 2249 1877 2282 quae

173 2290 312 2336 legitur
338 2289 375 2323 in
401 2289 592 2325 codicibus
612 2288 871 2324 Riccardianis
892 2292 960 2323 898
989 2288 1010 2323 s.
1034 2292 1123 2322 109r
1148 2290 1186 2322 et
1212 2292 1279 2322 845
1306 2288 1330 2322 f.
1353 2291 1417 2321 16ΙΓ
1440 2308 1478 2311 ——
1502 2286 1538 2320 in
1565 2286 1635 2320 hoc
1658 2288 1785 2320 tamen
1804 2297 1878 2319 non

174 2338 329 2383 integra.
370 2337 490 2372 edidit
510 2348 554 2372 ex
574 2336 639 2371 illo
660 2348 746 2371 usus
768 2335 987 2371 Mommseni
1009 2335 1225 2381 apographo
1247 2335 1294 2370 M.
1310 2335 1438 2379 Haupt
1458 2336 1596 2379 (opusc.
1618 2333 1651 2367 Π
1670 2346 1704 2378 p.
1723 2336 1790 2367 113
1800 2337 1880 2377 sq),

173 2387 306 2431 postea
332 2384 474 2420 contuli
500 2384 590 2430 ipse.
636 2386 692 2419 est
718 2384 834 2429 igitur
861 2383 914 2418 sic
940 2385 1135 2428 concepta:
1166 2382 1368 2427 ‘Pasquino
1389 2382 1434 2416 de
1456 2381 1629 2426 Ca12elliS‚
1656 2380 1880 2415 cancellario

175 2432 321 2468 comitis
347 2432 550 2467 Virtutum.
595 2431 741 2476 Nescio,
768 2431 826 2466 vir
845 2430 1013 2476 insignis,
1040 2430 1156 2465 frater
1176 2430 1314 2475 optime
1335 2432 1373 2464 et
1393 2429 1510 2464 amice
1531 2428 1732 2471 carissime,
1753 2427 1879 2462 nescio

176 2480 360 2525 siquidem
385 2480 484 2514 unde
511 2490 655 2514 sumam
680 2479 840 2514 initium.
886 2480 992 2513 tanto
1019 2478 1157 2513 etenim
1183 2489 1241 2512 me
1267 2487 1417 2511 munere
1449 2475 1662 2519 felicit-asti,
1695 2474 1794 2519 quod
1820 2475 1881 2509 vix

175 2539 240 2573 pre
267 2527 405 2572 gaudio
432 2527 531 2572 apud
558 2538 616 2561 me
643 2527 729 2570 sim,
769 2528 806 2561 et
838 2526 998 2561 scribere
1029 2525 1207 2571 gestienti
1238 2535 1336 2559 nunc
1366 2523 1642 2558 referendarum
1675 2522 1882 2567 gratiarum

176 2575 340 2610 officium
366 2586 404 2610 se
430 2575 576 2620 ingerit,
603 2586 701 2609 nunc
726 2576 805 2608 tam
831 2573 1047 2608 excellentis
1076 2572 1163 2607 doni
1187 2572 1254 2616 tui,
1282 2583 1354 2616 quo
1380 2582 1454 2605 non
1481 2570 1599 2605 solum
1620 2570 1699 2604 voti
1720 2581 1881 2615 compos,

177 2622 241 2656 sed
266 2622 400 2656 beatus
426 2622 579 2656 effectus
606 2634 698 2665 sum,
725 2621 998 2656 commendatio
1025 2621 1142 2664 subit,
1178 2631 1275 2654 nunc
1301 2630 1452 2653 moveor
1485 2619 1525 2652 ut
1550 2620 1674 2653 tecum
1700 2616 1881 2663 explicem

176 2671 318 2713 quanta
349 2668 602 2704 consolatione
635 2669 825 2704 delibutus
858 2668 927 2703 sim
965 2669 1092 2713 legens
1124 2679 1217 2711 quas
1249 2666 1385 2701 misisti
1417 2668 1494 2701 tam
1526 2665 1699 2700 munifice
1731 2666 1881 2709 tamque

176 2716 384 2751 liberaliter
404 2716 582 2762 epistolas
597 2716 794 2751 Ciceronis.
833 2715 1029 2760 quodlibet
1048 2715 1145 2749 enim
1165 2715 1295 2749 horum
1318 2714 1411 2748 adeo
1431 2713 1618 2748 infinitum
1639 2715 1695 2747 est
1715 2711 1881 2755 adeoque

177 2764 273 2799 vires
298 2763 531 2798 transcendit
556 2774 657 2798 meas
684 2764 782 2808 quod
809 2774 876 2797 nec
902 2774 1050 2808 possum
1079 2764 1202 2797 mente
1229 2761 1423 2807 concipere
1458 2771 1526 2796 nec
1557 2759 1664 2794 valeo
1699 2759 1775 2794 stili
1808 2758 1880 2793 mei

176 2811 371 2855 ariditate,
407 2822 479 2855 quo
511 2813 636 2845 tamen
669 2810 769 2845 soleo
803 2810 894 2845 satis
927 2809 1131 2855 exprimere
1157 2809 1254 2854 quod
1288 2809 1325 2843 in
1358 2810 1519 2843 mentem
1552 2807 1742 2851 inciderit,
1776 2818 1880 2841 enar-

176 2870 268 2894 rare.
293 2881 332 2884 —
359 2880 398 2884 —
422 2880 464 2884 —
492 2860 532 2892 tu
553 2869 622 2900 mc,
649 2858 747 2902 quod
768 2857 920 2893 summis
942 2868 1086 2902 semper
1106 2856 1300 2892 desideriis
1321 2855 1528 2901 concupivi,
1555 2855 1678 2889 fecisti
1696 2853 1882 2889 Tullianis

177 2906 345 2952 epistolis
370 2905 606 2951 locupletem,
634 2905 880 2950 amplitudine
907 2904 1068 2939 muneris
1094 2904 1235 2939 faciens
1262 2903 1361 2948 quod
1387 2903 1523 2938 reddar
1548 2902 1596 2936 ad
1622 2901 1767 2948 gratias
1791 2913 1881 2947 pau-

177 2953 357 2999 perrimus
389 2955 427 2988 et
457 2964 606 2998 egenus,
660 2955 820 2996 quantas
853 2954 979 2986 tamen
1017 2953 1083 2986 aut
1114 2953 1236 2987 mente
1274 2951 1467 2996 concipere
1506 2949 1613 2984 valeo
1652 2949 1713 2984 vel
1750 2949 1882 2995 lingua

176 3001 339 3046 proferre
376 3000 436 3036 vel
473 3001 618 3035 calamo
654 3000 865 3045 designare,
905 3011 949 3033 ex
974 3001 1054 3033 toto
1090 2999 1199 3034 corde
1231 3000 1270 3034 et
1302 3009 1345 3033 ex
1378 2998 1467 3032 totis
1500 2996 1641 3032 viribus
1673 2997 1765 3031 meis
1798 3007 1880 3041 agn,

178 3048 313 3083 affectu
339 3050 465 3083 tamen
490 3047 576 3082 illas
603 3047 745 3083 cunctis
772 3046 1001 3092 temporibus
1026 3046 1223 3081 habiturus
1247 3048 1289 3080 ut
1308 3045 1412 3080 nulla
1431 3056 1581 3090 prorsus
1601 3044 1715 3079 officii
1734 3043 1880 3078 vicissi-

178 3095 269 3130 tudo
300 3106 359 3130 me
390 3095 510 3141 possit
541 3096 651 3130 huius
686 3094 927 3139 obligationis
959 3093 1114 3129 nexibus
1146 3094 1316 3129 liberare.
1367 3095 1407 3127 tu
1440 3092 1590 3136 quidem
1624 3091 1754 3137 ingens
1786 3091 1881 3125 illud

178 3142 351 3177 volumen
376 3143 596 3188 ingentioris
623 3143 785 3178 auctoris
822 3141 1119 3187 ingentissimam
1152 3140 1404 3185 eloquentiam
1436 3139 1605 3185 epistolis
1638 3138 1881 3184 complexum,

178 3190 277 3234 quod
315 3201 459 3236 semper
490 3190 675 3235 quaesivi,
715 3190 805 3225 mihi
840 3189 960 3224 multa
991 3189 1212 3235 rescriptum
1245 3187 1444 3234 diligentia
1474 3186 1728 3222 transmisisti.
1774 3197 1794 3220 0
1820 3195 1879 3219 me
