2242 3542
806 222 1084 256 Pul-xleFA'l‘n).
1684 221 1794 254 XXX}

101 333 255 373 bonam
299 336 486 372 aetutem
533 331 598 370 liis
645 329 944 384 similibusque
985 331 1025 370 iu
1067 330 1286 370 vocabulis
1326 328 1520 383 putidam
1560 328 1798 369 adfectasse

96 402 461 456 aequabilitatem.
534 401 614 441 alin
663 415 770 455 quae
816 404 932 441 certo
979 400 1260 441 abhorrerent
1305 415 1329 440 a
1368 398 1586 440 Ciceronis
1626 413 1798 439 consue-

96 472 244 514 tudine
277 472 453 513 correxi.
489 471 675 512 indicata
707 471 956 525 plerumque
993 470 1171 512 Medic-ei
1206 469 1473 524 sc1·iptura.¹)

216 543 300 584 iam
328 547 469 584 autem
499 557 593 583 cum
622 541 739 582 nulla
765 541 958 582 codicum
992 541 1194 581 memoria
1224 544 1310 581 tam
1340 541 1398 581 sit
1425 541 1537 581 bona
1564 542 1610 580 ut
1632 539 1796 593 integra

97 614 211 654 omni
250 627 300 654 ex
341 617 461 667 parte
495 613 677 653 servarit
710 612 932 665 scriptoris
967 612 1145 652 alicuius
1180 612 1327 657 verba,
1367 614 1700 652 consentaneum
1733 613 1799 650 est

98 699 148 724 ne
195 688 293 738 post
339 691 512 725 auctum
559 684 730 738 quidem
776 669 1112 723 instrumentum
1158 682 1355 722 criticum
1400 682 1442 722 in
1488 680 1555 722 his
1600 680 1798 734 epistulis

98 769 223 808 posse
257 756 392 796 careri
420 771 468 796 ea
497 770 604 809 quae
633 769 706 808 per
733 754 1041 794 divinationem
1075 754 1150 792 fiat
1183 753 1491 793 emendatione.
1538 765 1798 805 quamquam

97 825 367 867 coniecturae
407 826 543 866 multo
584 825 769 865 minores
809 823 877 864 hic
920 838 1013 864 esse
1054 826 1197 877 partes
1241 838 1369 876 quam
1409 824 1670 877 putaverunt
1703 836 1796 862 cum

98 900 262 938 veteres
295 897 434 938 critici
467 900 559 937 tum
592 909 727 948 nuper
765 895 1011 947 Wesenbevy,
1044 894 1350 948 sagacissimus
1383 894 1418 933 is
1453 893 1623 946 quidem
1659 892 1798 944 homo,

98 967 224 1009 hodie
263 967 441 1022 negabit
479 980 612 1007 nemo.
677 964 842 1006 scilicet
875 980 950 1019 per
983 965 1139 1020 viginti
1173 978 1306 1004 annos
1341 964 1496 1018 quibus
1530 963 1634 1004 haec
1668 963 1798 1003 editio

96 1038 230 1079 distat
263 1053 286 1078 a
310 1036 688 1090 W'esenbergiana,
722 1036 958 1076 laetissime
992 1035 1273 1076 effloruerunt
1306 1034 1448 1075 studia
1481 1049 1576 1075 cum
1611 1032 1799 1074 universi

95 1108 239 1150 Latini
266 1107 475 1150 sermonis
504 1114 594 1148 tum
623 1106 882 1161 epistularis.
933 1101 1006 1146 illa
1033 1106 1076 1146 in
1102 1109 1225 1160 parte
1253 1104 1413 1145 sufficit
1440 1118 1798 1146 commemorasse

94 1180 271 1221 nomina
302 1179 352 1220 F.
380 1178 606 1232 ΒίὶσΙιεῖενὶ,
642 1178 684 1220 C.
709 1179 761 1218 ff.
789 1178 849 1218 W.
877 1180 920 1218 et
945 1178 1084 1218 Iwam'
1106 1176 1392 1228 Assiillerarum,
1424 1176 1460 1216 I.
1487 1179 1541 1217 1-1.
1563 1175 1801 1225 Schmalzc'c',

95 1250 150 1293 E.
179 1250 408 1303 lrl‘'‹‘>'ls†'lc'ni‚
450 1264 631 1305 quorum
677 1249 868 1290 virorum
914 1263 1044 1302 opera
1088 1250 1297 1301 quantum
1345 1246 1599 1287 incrementi
1639 1244 1800 1299 ceperit

98 1322 203 1363 haec
229 1321 458 1376 disciplina
482 1323 642 1361 norunt
670 1334 828 1360 omnes.
881 1318 985 1372 ipsis
1008 1322 1151 1358 autem
1172 1318 1239 1358 his
1261 1318 1305 1358 in
1326 1317 1523 1371 epistulis
1545 1331 1641 1357 cum
1662 1316 1799 1356 eidem

95 1392 160 1434 illi
193 1406 300 1447 quos
333 1392 459 1433 modo
492 1390 710 1432 nominavi
744 1390 1022 1430 elaborarunt
1053 1389 1248 1430 homines
1276 1388 1403 1441 docti,
1436 1391 1529 1428 tum
1556 1387 1629 1428 alii
1657 1386 1799 1441 singu-

97 1463 204 1504 laria
247 1463 291 1504 in
333 1463 393 1503 eis
434 1464 671 1515 posuerunt
710 1460 869 1513 studia,
914 1460 1032 1500 velut
1071 1462 1112 1501 C.
1144 1460 1197 1500 A.
1230 1459 1461 1508 Lehmann,
1509 1460 1552 1498 0.
1588 1456 1800 1509 ,stracten

97 1534 147 1575 F.
175 1534 339 1586 Becher,
379 1534 427 1574 ff.
455 1533 588 1585 Bury,
626 1534 677 1572 A.
707 1532 872 1584 ΚόΙιίεν,
912 1531 997 1572 alii.
1061 1531 1122 1572 sic
1161 1530 1360 1570 effectum
1401 1532 1466 1570 est
1506 1531 1553 1569 nt
1585 1526 1802 1581 permulta

100 1619 207 1658 quae
239 1604 456 1659 prioribus
492 1603 668 1656 criticis,
702 1618 749 1643 ac
784 1602 967 1642 maxime
1000 1602 1172 1655 quidem
1199 1601 1400 1641 Lambiwo
1434 1614 1482 1640 ac
1519 1599 1801 1651 Wesenbewyio,

109 1675 297 1716 adsuetis
348 1675 407 1716 eis
459 1674 623 1715 scilicet
673 1673 810 1726 polito
861 1687 1039 1726 operum
1089 1671 1405 1712 rhetoricorum
1450 1673 1492 1710 et
1536 1668 1801 1723 philosophi-

101 1760 246 1787 corum
291 1744 510 1786 Ciceronis
556 1757 771 1797 sermone,
813 1742 1084 1784 incredibilia
1129 1746 1258 1796 atque
1303 1744 1507 1795 corrupta
1551 1739 1643 1780 visa
1687 1743 1800 1791 sunt,

97 1816 221 1857 hodie
267 1829 400 1869 aequo
446 1815 590 1855 animo
634 1814 828 1854 ferantur
873 1814 925 1854 ab
969 1813 1182 1854 omnibus.
1252 1814 1532 1866 quapropter,
1577 1825 1628 1851 ne
1670 1809 1799 1850 nimis

97 1887 353 1928 obrueretur
398 1885 620 1927 adnotatio
667 1885 835 1937 critica,
880 1884 1088 1926 constitui
1131 1898 1216 1924 non
1261 1897 1408 1924 omnes
1447 1897 1555 1936 quae
1594 1895 1798 1935 umquam

98 1959 236 1999 sactae
280 1959 381 1998 sunt
419 1970 671 1998 coacervare
711 1956 999 2010 coniecturas,
1047 1955 1119 1996 sed
1162 1969 1308 1995 earum
1346 1953 1546 1994 exhibere
1588 1952 1800 1993 delectum

98 2029 320 2084 quendam.
396 2042 480 2082 qno
532 2027 576 2068 in
627 2026 794 2068 delectu
844 2027 936 2067 fieri
989 2026 1159 2080 quidem
1204 2039 1291 2066 non
1336 2027 1481 2078 potest
1525 2023 1629 2077 quin
1674 2023 1800 2063 modo

97 2099 425 2141 memoraverim
463 2097 827 2139 immemorabilia
868 2097 994 2138 modo
1041 2096 1261 2138 omiserim
1298 2094 1561 2149 probabilia:
1607 2093 1801 2148 relegens

98 2176 242 2212 tamen
280 2170 604 2211 adnotationem
645 2169 791 2210 videor
824 2169 931 2209 mihi
962 2171 1161 2209 neutram
1195 2168 1239 2207 in
1270 2168 1439 2224 partem
1472 2165 1569 2218 plus
1601 2177 1801 2218 peccasse

98 2256 227 2296 quam
255 2241 367 2295 quod
395 2240 535 2295 possit
560 2240 739 2295 ignosci.
783 2242 910 2293 atque
938 2239 1113 2280 omnino
1139 2238 1220 2279 hae
1248 2225 1457 2278 editiones
1477 2236 1587 2276 fiunt
1607 2237 1800 2275 veterum

99 2327 239 2366 causa,
270 2327 357 2354 non
383 2315 550 2353 nostra:
583 2311 756 2351 illorum
783 2309 919 2365 igitur
946 2309 1019 2363 qni
1046 2309 1141 2362 ipsa
1167 2309 1327 2361 scripta
1353 2307 1621 2360 reliquerunt
1647 2305 1799 2346 honori

98 2384 406 2426 consulendum
456 2386 539 2436 est,
588 2396 674 2422 non
724 2384 898 2422 nostrae
948 2380 1168 2436 gloriolae.
1243 2379 1506 2433 quapropter
1550 2377 1585 2417 si
1632 2376 1800 2430 qnando

100 2455 256 2496 accidit
294 2457 343 2494 ut
381 2454 628 2495 coniectura
666 2452 810 2506 aliqua
848 2465 995 2492 recens
1034 2450 1144 2490 falso
1183 2449 1347 2490 nomini
1381 2448 1438 2488 sit
1471 2446 1678 2501 ascripta,
1715 2460 1798 2487 non

101 2524 283 2579 capitale
317 2524 358 2564 id
391 2524 588 2578 equidem
620 2524 727 2564 duco
767 2522 951 2575 facinus,
990 2524 1218 2575 expectans
1259 2520 1423 2561 scilicet
1462 2519 1572 2559 idem
1610 2518 1655 2558 in
1695 2517 1800 2558 meis

99 2596 248 2635 fatum.

218 2665 321 2706 haec
356 2665 489 2719 igitur
519 2664 727 2706 hactenus
760 2664 810 2706 de
843 2664 978 2718 ipsius
1011 2662 1213 2704 editionis
1246 2661 1499 2702 rationibus.
1563 2660 1613 2700 ad
1648 2659 1800 2713 adpen-

99 2737 237 2778 dicem
282 2735 431 2776 deinde
477 2735 590 2788 quod
636 2735 809 2788 attinet,
854 2738 1098 2788 temporum
1141 2734 1185 2772 in
1224 2732 1406 2786 singulis
1448 2731 1645 2785 epistulis
1686 2733 1799 2771 recte

99 2806 500 2848 constituendorum
533 2809 694 2859 quanta
725 2808 839 2846 esset
870 2819 955 2845 non
989 2804 1115 2844 modo
1144 2803 1312 2844 utilitas
1340 2803 1412 2843 sed
1438 2801 1673 2843 necessitas
1702 2815 1799 2841 cum

100 2892 167 2918 me
202 2891 437 2931 numquam
473 2877 676 2930 fugisset,
714 2875 824 2916 hanc
857 2889 1026 2928 quoque
1059 2877 1227 2928 partem
1260 2874 1313 2914 ab
1346 2873 1472 2914 initio
1506 2871 1658 2913 studiis
1692 2872 1798 2912 meis

100 2949 348 3003 complexus
394 2962 499 2989 sum.
563 2947 634 2987 sed
680 2946 868 2986 distento
914 2949 1059 2985 tamen
1103 2947 1170 2986 tot
1214 2943 1309 2985 aliis
1355 2944 1466 2985 curis
1505 2942 1798 2997 gratissimum

101 3019 256 3061 accidit
289 3018 548 3073 promissum
582 3017 693 3071 quod
729 3020 771 3057 et
802 3018 996 3057 fecerunt
1027 3030 1163 3069 nuper
1195 3020 1238 3056 et
1273 3015 1581 3070 praestiterunt
1607 3013 1689 3054 duo
1718 3014 1797 3054 viri

220 3129 252 3162 1)
280 3134 352 3156 uon
385 3125 440 3156 est
472 3133 516 3155 ea
548 3122 729 3155 adnotata
762 3121 796 3153 in
833 3119 956 3153 formis
989 3119 1117 3163 quales
1151 3123 1234 3153 sunt
1270 3118 1450 3162 ‘caetra-1³,
1485 3117 1694 3161 ΓκυςυΙωιΓ,
1729 3117 1796 3150 ‘in-

101 3170 280 3215 colomis’,
309 3170 494 3213 ‘sumtus'⁷
524 3169 683 3202 ‘scribsi’
714 3168 791 3202 siin.
