2242 3496
304 1775 323 1805 ‘2

306 2272 320 2302 1

363 172 447 213 362
959 165 1006 198 M.
1035 161 1174 197 TVLLI
1200 159 1450 196 memmius

363 278 669 322 invitissimum
702 275 852 317 fecisse
884 297 955 326 —,
987 271 1028 311 id
1061 270 1214 311 fecisse
1247 269 1431 311 aliorum
1463 269 1655 325 consilio,
1686 269 1877 325 hortatu,
1910 272 2053 313 aucto·

363 352 509 403 ritate3
555 348 667 403 quod
705 344 858 386 fuerim
895 340 1155 384 moderatior
1192 340 1557 395 temperatiorque
1597 355 1726 394 quam
1762 341 1807 382 in
1845 356 1894 383 ea
1929 344 2052 396 parte

363 422 600 475 quisquam,
633 418 674 458 id
706 430 771 456 me
803 413 954 455 fecisse
982 411 1166 453 maxime
1194 411 1453 453 auctoritate
1480 408 1717 465 Capitonis,
1750 412 1870 453 cuius
1897 412 2051 455 similis

363 492 398 533 si
425 491 611 543 reliquos
636 484 900 528 necessarios
926 483 1187 537 habuissem,
1213 481 1274 524 rei
1300 498 1339 536 p.
1366 482 1550 524 fortasse
1575 482 1785 536 nonnihil,
1810 482 1917 523 mihi
1938 486 2052 525 certe

361 560 591 616 plurimum
622 556 890 611 profuissem.
945 554 1055 595 hanc
1088 568 1189 607 rem,
1222 553 1281 594 mi
1313 553 1489 607 Plance,
1522 553 1557 595 si
1590 553 1797 609 effeceris,
1830 568 1970 596 meam
2001 555 2052 596 de
2090 569 2106 594 5

361 636 433 672 tua
477 643 578 683 erga
616 642 682 668 me
720 625 1011 667 benivolentia
1055 639 1176 679 spem
1220 624 1558 678 confirmaveris,
1601 624 1744 679 ipsum
1785 623 2053 680 Capitonem,

360 699 670 755 gratissimum,
709 696 1092 750 officiosissimum,
1131 694 1342 749 Optimum
1380 695 1537 750 virum,
1575 696 1627 737 ad
1665 697 1785 736 tuam
1822 696 2053 738 necessitu-

360 771 499 811 dinem
532 772 605 809 tuo
641 782 806 809 summo
839 767 1046 808 beneficio
1080 766 1334 808 adiunxeris.

1045 908 1176 951 XXX.
1221 907 1360 965 (269.)

738 1015 948 1058 CICERO
984 1015 1181 1058 ACILIO
1214 1014 1590 1058 PROCONSVLI
1625 1015 1664 1058 s.
2070 1029 2104 1054 10

474 1124 518 1165 L.
546 1122 732 1164 Manlius
766 1125 832 1163 est
865 1121 1002 1164 Sosis:
1034 1123 1070 1163 is
1102 1122 1186 1163 fuit
1219 1121 1476 1177 Catinensis,
1510 1123 1583 1163 sed
1615 1125 1681 1164 est
1712 1137 1797 1164 una
1829 1137 1926 1164 cum
1956 1123 2052 1165 reli-

355 1195 449 1250 quis
477 1193 774 1248 Neapolitanis
808 1193 912 1235 civis
939 1193 990 1236 R.
1021 1193 1162 1235 factus
1195 1193 1452 1248 decurioque
1477 1192 1686 1249 Neapoli3
1718 1196 1812 1234 erat
1843 1194 1957 1235 enim
1983 1195 2051 1236 ad-

354 1266 536 1320 scriptus
570 1265 614 1305 in
646 1265 688 1305 id
727 1265 1010 1319 municipium
1047 1267 1147 1306 ante
1186 1264 1406 1306 civitatem
1448 1264 1576 1305 sociis
1615 1267 1658 1305 et
1688 1263 1856 1306 Latinis
1894 1265 2050 1307 datam.

353 1337 441 1377 eius
474 1337 608 1377 frater
641 1334 819 1377 Catinae
851 1351 988 1390 nuper
1019 1339 1215 1377 mortuus
1250 1338 1327 1377 est.
1381 1335 1546 1377 nullam
1579 1335 1753 1377 omnino
1789 1335 2051 1378 arbitramur

352 1408 401 1448 de
440 1422 488 1448 ea
525 1406 764 1448 hereditate
809 1406 1149 1465 controversiam
1193 1421 1290 1448 eum
1333 1405 1603 1461 habiturum,
1647 1409 1691 1447 et
1731 1409 1798 1448 est
1836 1406 1963 1449 hodie
2005 1408 2051 1449 in
2073 1419 2104 1445 15

350 1477 493 1531 bonis3
535 1477 625 1531 sed,
659 1477 862 1532 quoniam
892 1478 1025 1519 habet
1056 1480 1280 1532 praeterea
1309 1477 1486 1532 negotia
1516 1480 1663 1519 vetera
1698 1477 1744 1518 in
1777 1476 1925 1519 Sicilia
1962 1493 2051 1533 sua,

351 1551 393 1590 et
431 1548 541 1589 hanc
583 1547 868 1590 hereditatem
911 1548 1148 1590 fraternam
1186 1552 1229 1590 et
1268 1548 1412 1590 omnia
1453 1548 1543 1590 eius
1588 1547 1674 1590 tibi
1717 1550 1967 1591 commendo
2005 1549 2051 1592 in

349 1619 585 1673 primisque
605 1619 759 1674 ipsum,
780 1618 919 1661 virum
941 1619 1154 1675 Optimum
1174 1619 1366 1674 mihique
1386 1618 1788 1673 familiarissimum,
1812 1619 1872 1661 eis
1893 1620 2049 1662 studiis

350 1690 594 1732 litterarum
639 1690 943 1745 doctrinaeque
985 1690 1248 1745 praeditum,
1294 1690 1451 1745 quibus
1496 1704 1576 1746 ego
1621 1690 1804 1731 maxime
1849 1690 2048 1733 delector.

350 1764 449 1815 peto
483 1760 619 1816 igitur
651 1776 726 1816 aps
759 1764 814 1815 te,
845 1764 895 1803 ut
927 1777 1036 1816 eum,
1068 1762 1157 1803 sive
1191 1761 1329 1803 aderit
1355 1761 1443 1803 sive
1469 1776 1557 1803 non
1583 1761 1748 1803 venerit
1772 1761 1819 1803 in
1844 1759 2049 1818 Siciliam,
2069 1775 2104 1800 20

350 1832 394 1873 in
426 1831 531 1873 meis
563 1832 728 1874 intimis
762 1833 1032 1887 maximeque
1064 1832 1318 1874 necessariis
1352 1832 1463 1874 scias
1497 1847 1589 1874 esse
1621 1832 1768 1887 itaque
1794 1835 1969 1889 tractes,
1998 1836 2049 1876 ut

348 1903 576 1959 intellegat
607 1918 747 1945 meam
779 1904 863 1946 sibi
895 1904 1313 1946 commendationem
1344 1918 1502 1960 magno
1535 1904 1782 1946 adiumento
1813 1904 1960 1947 fuisse.

1029 2045 1180 2088 XXXI.
1231 2044 1369 2103 (270.)

738 2152 950 2195 CICERO
984 2151 1180 2196 ACILIO
1212 2151 1588 2195 PROCONSVLI
1622 2152 1662 2195 s.

468 2257 508 2300 C.
536 2259 700 2313 Flavio,
731 2260 913 2302 honesto
947 2264 990 2302 et
1023 2263 1176 2302 ornato
1210 2260 1352 2315 equite
1384 2260 1447 2315 R„
1478 2262 1579 2301 utor
1604 2260 1727 2302 valde
1754 2260 2046 2317 familiariter3
2065 2274 2100 2299 25

350 2329 434 2370 fuit
459 2330 573 2371 enim
599 2330 746 2385 generi
772 2331 868 2385 mei,
896 2331 940 2374 C.
960 2331 1144 2386 Pisonis,
1170 2331 1516 2386 pernecessarius
1542 2346 1694 2386 meque
1716 2331 2046 2387 diligentissime

351 2401 580 2442 observant
601 2404 643 2442 et
663 2400 755 2455 ipse
780 2404 823 2442 et
843 2401 889 2443 L.
911 2402 1099 2457 Flavius,
1124 2402 1259 2444 frater
1279 2402 1381 2444 eius.
1433 2405 1695 2457 quapropter
1714 2402 1844 2444 velim
1869 2403 2046 2445 honoris

350 2471 433 2511 mei
467 2486 606 2524 causa,
638 2472 794 2526 quibus
828 2474 955 2515 rebus
988 2473 1168 2516 honeste
1195 2477 1238 2516 et
1263 2488 1341 2528 pro
1369 2477 1445 2515 tua
1471 2473 1683 2529 dignitate
1708 2472 1884 2528 poteris,
1916 2488 2046 2528 quam

349 2541 781 2584 honorificentissime
808 2546 851 2584 et
877 2559 1005 2599 quam
1030 2544 1333 2586 liberalissime
1361 2544 1405 2586 C.
1431 2544 1631 2586 Flavium
1659 2546 1837 2585 tractes:
1868 2543 1912 2585 id
1939 2543 2046 2585 mihi

305 2626 324 2654 2
352 2611 410 2651 sic
449 2612 531 2653 erit
569 2616 760 2667 gratum,
805 2617 854 2655 ut
892 2615 1059 2669 gratius
1101 2630 1193 2657 esse
1236 2614 1346 2656 nihil
1390 2615 1548 2671 possit3
1593 2615 1666 2656 sed
1702 2617 1927 2669 praeterea
1962 2614 2044 2656 tibi
2065 2630 2099 2655 30

468 2743 496 2774 1.
524 2739 563 2773 id
582 2740 713 2775 fecisse
733 2742 781 2786 D,
807 2742 846 2777 id
865 2742 938 2777 feci
958 2742 1052 2778 ΜΗ.
1092 2743 1132 2778 id
1150 2743 1284 2778 fecisse
1303 2743 1417 2791 (me)
1439 2744 1651 2789 Wesenberg]
1669 2744 1681 2788 ΙΙ
1700 2747 1732 2777 2.
1759 2742 1874 2789 quod]
1895 2753 1968 2787 quo
1984 2743 2046 2786 ΨΪΙ

350 2787 686 2831 temperant-,imque
707 2790 910 2824 Lambinus
929 2791 940 2834 ΙΙ
962 2794 1014 2825 10.
1035 2790 1172 2836 Acilio]
1198 2792 1242 2835 cf.
1258 2792 1301 2825 K
1305 2793 1377 2826 lem
1393 2793 1402 2808 ‘
1415 2791 1815 2837 Verwaltunysbeamte’
1832 2789 1849 2823 Ι
1863 2802 1903 2835 p.
1918 2793 1962 2825 83
1970 2801 2019 2834 sq.
2033 2789 2045 2833 ἶῗ

353 2836 404 2867 11.
432 2833 523 2868 sosis
548 2835 604 2879 M,
630 2835 724 2869 susis
751 2837 831 2871 HD
850 2838 860 2881 ΙΙ
882 2841 935 2871 12.
962 2839 1042 2871 erat
1067 2839 1193 2872 autem
1219 2849 1250 2872 a.
1279 2839 1324 2872 H
1337 2840 1348 2883 11
1369 2842 1423 2873 16.
1451 2838 1534 2882 sua]
1559 2839 1627 2872 tua
1653 2838 1792 2880 Schiche,
1813 2841 1960 2881 praeter
1983 2847 2043 2870 ne-

350 2881 543 2915 cessitatem
562 2884 572 2925 Η
594 2885 646 2916 17.
675 2884 712 2917 et
737 2884 861 2918 Omnia
886 2885 976 2926 HD,
1005 2885 1129 2919 omnia
1154 2886 1202 2920 M
1217 2887 1228 2930 ΙΙ
1258 2889 1312 2921 18.
1339 2885 1408 2932 eis]
1435 2884 1482 2920 iis
1508 2886 1558 2925 D,
1583 2885 1642 2919 his
1668 2885 1760 2919 MH
1779 2886 1790 2926 ΙΙ
1817 2887 1870 2918 19.
1896 2882 2042 2927 praedi-

350 2927 443 2972 tum]
471 2927 637 2962 dedstssm
658 2940 677 2966 ς
697 2935 729 2964 et
750 2931 876 2976 Kleyn
896 2932 948 2975 (Ι).
970 2933 1039 2976 50),
1062 2934 1213 2967 iniuria.
1253 2934 1298 2976 cf.
1320 2933 1460 2968 ΚῖοϊὲΞ
1479 2944 1518 2977 p.
1538 2932 1636 2966 LXV
1660 2934 1672 2974 ΙΙ
1697 2935 1752 2966 20.
1773 2932 1815 2965 ut
1833 2940 1943 2973 quem
2035 2959 2042 2965 .

352 2976 405 3023 21.
432 2985 521 3017 esse,
548 2974 601 3008 ita
620 2978 756 3011 tractes
777 2979 873 3013 Boot
899 2979 1000 3022 (obs.
1023 2980 1118 3014 crit?
1142 2992 1180 3024 p.
1202 2982 1262 3024 25)
1282 2981 1293 3024 11
1313 2984 1368 3015 20.
1397 2979 1532 3025 aderit]
1560 2978 1682 3013 aberit
1700 2978 1754 3021 M,
1782 2976 1920 3011 abierit
1938 2977 2042 3024 HDgss

352 3030 426 3069 sive
452 3022 540 3064 non]
569 3022 643 3056 sive
671 3035 754 3057 mox
780 3025 957 3070 Plfznsyers
982 3027 1169 3070 (Mnemos.
1196 3027 1221 3062 Ι.
1251 3030 1352 3062 1873.
1376 3040 1413 3071 p.
1436 3028 1494 3070 65)
1518 3029 1529 3070 ΙΙ
1560 3029 1615 3060 21.
1642 3023 1781 3070 (cum)
1802 3024 1842 3058 in
1860 3023 1952 3058 meis
1975 3053 1982 3060 .
1999 3052 2006 3059 .
2022 3053 2042 3069 .‚

350 3066 405 3098 ita
430 3067 564 3101 tractes
591 3070 716 3113 Klegm
744 3072 764 3105 l.
785 3083 812 3106 c.
851 3073 862 3115 ΙΙ
899 3076 953 3106 26.
980 3073 1211 3107 necessarius
1238 3074 1276 3108 D
1312 3077 1323 3119 ΙΙ
1360 3077 1415 3109 27.
1443 3073 1644 3108 obseruant
1667 3072 1722 3116 M,
1749 3071 1926 3106 obseruat
1950 3072 2040 3107 HD.

353 3116 538 3158 utrumque
564 3115 689 3150 bonum
711 3118 722 3161 ΙΙ
742 3121 796 3152 30.
822 3118 917 3153 nihil
942 3130 1021 3154 esse
1048 3120 1093 3153 H
