2242 3496
351 197 437 240 402
947 190 994 224 M.
1022 187 1159 223 TVLLI
1187 185 1436 221 CICERONIS

352 305 561 346 firmiores
595 303 757 344 animos
791 297 980 340 omnium
1020 296 1180 337 faceret
1219 297 1262 335 et
1294 308 1374 349 ego
1408 296 1592 347 mature,
1631 294 1733 347 quid
1765 296 1966 350 ageretur
1997 293 2042 334 111

354 376 487 430 Syria,
520 374 626 416 scire
653 385 833 426 possem,
866 371 1032 421 tempus
1061 366 1150 407 eius
1179 365 1322 419 tridui,
1352 364 1464 418 quod
1490 364 1535 404 in
1561 363 1621 404 eis
1649 364 1802 405 castris
1830 364 2041 418 morabar,

353 447 397 488 in
430 460 584 500 magno
619 441 758 484 officio
796 442 837 479 et
869 435 1108 479 necessario
1147 435 1254 475 mihi
1292 435 1536 488 ponendum
1576 434 1734 487 putavi.
1793 449 1889 475 cum
1928 434 2041 475 enim

352 520 493 558 vestra
520 512 750 556 auctoritas
777 507 1104 560 intercessisset,
1130 508 1178 546 ut
1199 519 1280 560 ego
1302 519 1446 560 regem
1468 504 1804 545 Ariobarzanem
1826 505 2041 546 Eusebem

352 591 393 629 et
430 585 804 627 Philorhomaeum
846 583 988 620 tuerer
1033 577 1208 630 eiusque
1253 575 1367 630 regis
1413 575 1614 629 salutem,
1657 575 2040 630 †incolumitatem
2079 597 2095 622 5

352 668 612 712 regnumque
645 651 931 704 defenderem,
965 648 1056 702 regi
1089 661 1307 701 regnoque
1340 646 1554 700 praesidio
1588 660 1744 701 essem,
1782 646 2042 688 adiunxisse-

351 729 489 781 tisque
529 725 711 766 salutem
756 721 845 762 eius
890 719 1004 774 regis
1048 717 1208 772 populo
1254 717 1507 771 senatuique
1551 731 1731 772 magnae
1774 731 1899 759 curae
1938 732 2041 772 esse,

352 798 462 853 quod
493 796 611 837 nullo
644 807 848 847 umquam
881 791 931 831 de
964 803 1064 844 rege
1097 789 1316 831 decretum
1344 790 1458 829 esset
1484 802 1509 828 a
1533 790 1685 829 nostro
1713 787 1872 842 ordine,
1901 788 2043 830 existi-

351 868 462 909 mavi
489 882 554 907 me
582 863 786 906 iudicium
813 864 1003 903 vestrum
1024 860 1076 901 ad
1097 873 1244 914 regem
1271 858 1433 900 deferre
1461 858 1613 899 debere
1635 858 1756 912 eique
1783 858 2044 912 praesidium

351 953 490 980 meum
523 939 565 977 et
596 936 722 977 fidem
755 937 797 975 et
830 931 1100 987 diligentiam
1141 929 1355 984 polliceri,
1394 932 1459 983 ut,
1498 929 1703 984 quoniam
1741 929 1856 970 salus
1894 929 2042 984 ipsius,
2064 954 2097 979 10

350 1007 622 1051 incolumitas
655 1005 777 1060 regni
809 1003 915 1044 mihi
950 1001 1248 1044 commendata
1280 1003 1393 1042 esset
1426 1015 1450 1041 a
1481 999 1624 1055 vobis,
1665 1000 1841 1054 diceret,
1873 1000 1909 1041 si
1943 1001 2043 1055 quid

350 1080 490 1122 vellet.
548 1092 654 1132 quae
688 1090 784 1117 cum
816 1089 953 1115 essem
985 1073 1030 1114 in
1063 1072 1242 1114 consilio
1286 1087 1382 1113 meo
1416 1086 1513 1112 cum
1551 1085 1651 1126 rege
1690 1071 1881 1126 locutus,
1918 1071 2043 1113 initio

349 1152 420 1192 ille
460 1147 665 1191 orationis
705 1161 805 1187 suae
844 1144 967 1186 vobis
1007 1144 1228 1197 maximas,
1271 1145 1320 1184 ut
1358 1142 1524 1196 debuit,
1569 1141 1718 1183 deinde
1763 1142 1895 1184 etiam
1939 1142 2045 1184 mihi

350 1220 511 1276 gratias
539 1218 640 1273 egit,
667 1217 779 1271 quod
800 1216 839 1256 ei
858 1228 1142 1270 permagnum
1164 1215 1206 1254 et
1227 1212 1590 1267 perhonorificum
1613 1212 1851 1266 videbatur,
1877 1214 2045 1255 senatui

350 1292 392 1333 P.
422 1291 467 1341 Q.
495 1290 544 1332 R.
576 1290 721 1330 tantae
756 1301 880 1329 curae
914 1300 1006 1327 esse
1040 1285 1226 1326 salutem
1256 1298 1379 1325 suam
1404 1298 1556 1343 meque
1583 1285 1751 1324 tantam
1777 1282 2048 1339 diligentiam
2069 1307 2102 1333 15

350 1363 562 1416 adhibere,
594 1362 643 1401 ut
675 1362 717 1400 et
749 1373 844 1399 mea
870 1357 974 1398 fides
1002 1359 1045 1397 et
1071 1354 1457 1398 commendationis
1489 1356 1657 1396 vestrae
1690 1355 1928 1396 auctoritas
1958 1370 2051 1410 per-

348 1433 454 1488 spici
486 1433 644 1486 posset.
702 1432 830 1483 atque
870 1428 942 1469 ille
975 1428 1135 1482 primo,
1174 1427 1288 1481 quod
1326 1426 1434 1467 mihi
1473 1425 1686 1467 maximae
1724 1425 1917 1467 laetitiae
1955 1426 2050 1481 fuit,

346 1504 409 1544 ita
440 1517 606 1544 mecum
637 1501 808 1542 locutus
842 1502 925 1554 est,
967 1502 1015 1539 ut
1047 1498 1188 1539 nullas
1228 1496 1407 1538 insidias
1445 1510 1583 1550 neque
1622 1496 1735 1538 vitae
1774 1511 1876 1538 suae
1912 1512 2050 1552 neque

347 1588 479 1629 regno
513 1573 674 1614 diceret
708 1587 751 1613 se
784 1573 859 1612 aut
892 1569 1145 1624 intellegere
1176 1569 1271 1610 fieri
1304 1570 1379 1610 aut
1411 1568 1543 1611 etiam
1573 1567 1794 1622 suspicari.
1845 1583 1943 1610 cum
1969 1582 2050 1624 ego

348 1646 385 1687 ei
417 1644 663 1700 gratulatus
696 1657 834 1684 essem
867 1641 993 1695 idque
1026 1655 1092 1682 me
1120 1640 1306 1695 gaudere
1334 1639 1539 1680 dixissem
1565 1641 1608 1680 et
1635 1641 1781 1680 tamen
1808 1639 2049 1682 adulescen-
2069 1661 2103 1686 20

347 1719 435 1757 tem
462 1730 598 1756 essem
626 1714 890 1767 cohortatus,
923 1714 971 1752 ut
997 1712 1296 1753 recordaretur
1326 1725 1474 1752 casum
1501 1709 1625 1751 illum
1651 1710 1853 1752 interitus
1879 1711 2050 1765 paterni

349 1789 392 1828 et
421 1786 652 1842 vigilanter
685 1799 727 1825 se
760 1786 955 1825 tueretur
995 1785 1123 1836 atque
1163 1781 1388 1823 admonitu
1426 1782 1601 1822 senatus
1640 1781 1883 1823 consuleret
1921 1782 2052 1823 saluti

352 1872 463 1907 suae,
495 1860 589 1898 tum
623 1872 647 1897 a
678 1870 744 1896 me
778 1854 977 1896 discessit
1008 1853 1053 1894 in
1087 1853 1292 1907 oppidum
1326 1851 1541 1906 Cybistra.
1598 1855 1773 1906 postero
1807 1855 1951 1894 autem
1983 1853 2050 1894 die

349 1943 445 1970 cum
475 1927 724 1981 Ariarathe,
756 1926 890 1967 fratre
925 1939 1021 1979 suo,
1063 1926 1106 1965 et
1139 1939 1235 1965 cum
1268 1923 1460 1977 paternis
1495 1922 1643 1963 amicis
1676 1922 1913 1965 maioribus
1945 1926 2051 1966 natu

350 1999 401 2040 ad
433 2014 500 2040 me
532 1998 576 2039 in
609 2000 748 2039 castra
782 1996 898 2037 venit
929 1995 1293 2050 perturbatusque
1327 1996 1370 2035 et
1402 1993 1531 2047 fiens,
1565 2008 1663 2034 cum
1694 1993 1807 2035 idem
1839 1997 1882 2036 et
1914 1994 2050 2037 frater
2069 2016 2103 2042 25

348 2070 507 2113 faceret
539 2072 581 2111 et
614 2068 759 2122 amici,
801 2082 941 2109 meam
973 2067 1118 2120 fidem,
1157 2068 1347 2107 vestram
1381 2064 1800 2106 commendationem
1830 2065 2049 2120 inplorare

349 2141 502 2195 coepit.
564 2155 658 2182 cum
699 2139 950 2192 admirarer,
996 2137 1097 2192 quid
1141 2136 1367 2178 accidisset
1407 2135 1528 2191 novi,
1573 2135 1681 2176 dixit
1720 2136 1772 2177 ad
1810 2150 1854 2178 se
1891 2137 2050 2178 indicia

348 2212 672 2253 manifestarum
715 2210 970 2251 insidiarum
1009 2222 1099 2250 esse
1139 2207 1298 2262 delata,
1345 2222 1453 2262 quae
1493 2209 1638 2248 essent
1683 2209 1781 2248 ante
1821 2208 2050 2250 adventum

347 2298 487 2325 meum
520 2282 747 2337 occultata,
779 2281 891 2334 quod
924 2279 975 2334 ei,
1007 2279 1080 2334 qui
1107 2293 1156 2320 ea
1180 2278 1422 2332 patefacere
1455 2280 1644 2333 possent,
1675 2281 1855 2332 propter
1882 2281 2048 2320 metum

346 2353 635 2407 reticuissent,
668 2367 716 2394 eo
750 2354 894 2393 autem
920 2353 1113 2404 tempore
1140 2364 1214 2405 spe
1240 2349 1325 2390 mei
1351 2349 1556 2403 praesidii
1583 2349 1816 2403 compluris
1844 2364 1904 2405 ea,
1937 2364 2046 2405 quae
2067 2370 2101 2396 30

465 2486 495 2517 1.
521 2480 692 2515 firmioris
712 2481 760 2514 M
773 2481 784 2524 l}
806 2484 836 2514 ²2.
863 2478 941 2513 eius
960 2477 1087 2512 trudui
1107 2478 1155 2512 M
1168 2479 1180 2523 Η
1200 2477 1268 2522 eis]
1295 2476 1342 2511 iis
1362 2477 1417 2520 M,
1443 2476 1501 2511 his
1523 2476 1644 2511 FHD
1662 2478 1674 2522 ΙΙ
1694 2480 1726 2512 4.
1753 2476 1927 2512 eusebem
1948 2477 2044 2522 MD,

348 2529 480 2564 eusebe
506 2529 562 2571 Η,
589 2528 722 2563 eusebe
750 2527 796 2562 F.
835 2527 995 2561 euseben
1021 2536 1041 2562 ς
1078 2527 1090 2570 {l
1127 2528 1158 2560 ὃ.
1187 2530 1217 2560 6.
1244 2523 1542 2559 incolumitatem
1567 2535 1796 2570 regnumque
1822 2524 1884 2569 M,
1924 2525 1962 2559 et
1987 2524 2044 2559 in-

348 2576 600 2611 columitatem
630 2585 856 2619 regnumque
883 2574 1013 2608 FHD.
1061 2575 1099 2606 et
1128 2571 1426 2606 incolumitatem
1456 2570 1562 2616 regni
1594 2582 1631 2615 ς,
1669 2570 2042 2616 incolumitatemque

347 2623 450 2669 regni
482 2624 701 2667 lVesewbery.
756 2623 878 2656 wzalim
908 2619 1206 2655 incolumitatem
1236 2619 1341 2665 regni
1376 2618 1478 2653 omni
1512 2629 1590 2663 ope.
1643 2620 1687 2661 cf.
1714 2630 1800 2654 ann.
1828 2620 1921 2663 phil.
1949 2622 2038 2654 1891

344 2682 380 2714 p.
401 2674 468 2703 350
488 2671 499 2715 Η
521 2673 550 2705 7.
576 2669 712 2714 populo
736 2668 971 2713 senatuique]
997 2668 1042 2711 cf.
1065 2668 1238 2710 Wolfflm
1256 2667 1346 2701 mztsss
1366 2667 1481 2701 Rhen.
1506 2665 1686 2700 XXXVII.
1715 2669 1815 2700 1882.
1843 2678 1876 2709 p.
1899 2669 1966 2700 120
1982 2677 2046 2712 sq„

348 2718 544 2752 M‘ommsen
571 2719 614 2752 Ὗ.
636 2716 801 2751 stanter)
830 2716 881 2749 111
901 2719 919 2748 2
942 2727 980 2759 p.
1004 2717 1104 2749 1257.
1151 2714 1297 2748 senatui
1321 2713 1532 2758 populoque
1553 2712 1777 2760 (Romano)
1804 2713 2015 2759 Wesenbery
2036 2714 2048 2761 Η

349 2768 380 2799 8.
406 2764 517 2809 esset]
544 2765 601 2798 est
626 2764 754 2798 Balteo·
772 2764 783 2807 Η
804 2766 857 2797 10.
883 2762 1000 2806 ipsius
1026 2763 1081 2804 M,
1109 2773 1173 2796 om.
1196 2761 1317 2795 FHD
1335 2763 1347 2805 Η
1368 2765 1421 2796 12.
1449 2771 1568 2795 essem
1593 2772 1636 2795 ex
1663 2761 1762 2794 esset
1780 2759 1846 2805 Dl,
1874 2762 1973 2795 esset
1993 2761 2043 2805 H,

350 2813 471 2845 essent
495 2811 543 2853 F,
570 2821 648 2844 esse
674 2811 720 2844 M
736 2812 747 2854 Η
770 2814 821 2845 14.
850 2809 883 2844 ei
909 2810 963 2852 M,
990 2810 1028 2843 et
1057 2809 1174 2843 FHD
1193 2810 1204 2853 Η
1226 2812 1279 2843 15.
1306 2819 1438 2852 meque
1464 2808 1559 2851 MD,
1589 2818 1708 2851 neque
1737 2807 1818 2842 ΡΗ
1832 2809 1844 2853 11
1865 2811 1918 2843 16.
1946 2818 2044 2842 com-

348 2857 576 2892 mendationi
601 2858 647 2892 M
681 2859 692 2902 Ιι
730 2861 784 2892 17.
810 2857 890 2902 1116]
924 2856 989 2890 1116
1018 2856 1097 2890 ²P'F
1132 2857 1143 2900 Η
1181 2860 1235 2890 ‘30.
1264 2855 1298 2890 ei
1324 2856 1383 2899 M,
1421 2857 1458 2890 et
1484 2855 1605 2889 FHD
1642 2856 1653 2899 ΙΙ
1691 2858 1745 2890 20.
1773 2858 1828 2889 21.
1856 2856 1894 2898 et
1917 2855 2045 2889 tamen

351 2905 622 2939 adulescentem
647 2915 765 2938 essem
791 2905 1005 2938 cohortatus
1032 2903 1153 2937 FHD
1182 2904 1387 2947 (praeterea
1416 2903 1616 2938 Cratander
1641 2906 1673 2937 et
1698 2902 1773 2936 cod.
1800 2902 1922 2936 Paris.
1953 2904 2042 2936 7783

350 2955 381 2985 et
407 2955 517 2986 14761
541 2972 580 2976 -
602 2953 643 2986 m
668 2953 742 2986 cod.
772 2952 942 2986 eamme.
969 2954 1037 2984 210
1063 2962 1115 2994 ep.
1137 2950 1237 2993 XIII,
1261 2954 1321 2994 76,
1344 2954 1361 2983 1
1386 2971 1427 2975 —
1448 2949 1526 2992 XV,
1549 2952 1608 2992 13,
1631 2952 1650 2982 2
1677 2949 1836 2992 desunt),
1870 2948 2044 2983 cohorta-

351 2999 409 3032 tus
436 2999 482 3031 M
496 3000 507 3042 ΙΙ
527 3002 580 3033 22.
606 3000 731 3032 tuetur
756 2999 805 3032 M
818 3000 830 3043 ll
850 2996 1081 3032 admonitum
1108 2997 1193 3031 FH
1212 2998 1223 3041 ΙΙ
1255 3000 1310 3032 27.
1336 2996 1478 3031 iudicia
1503 2996 1588 3030 FH
1615 2996 1626 3040 ΙΙ
1658 2999 1713 3030 28.
1739 2993 2043 3042 manifestarum]

350 3043 548 3079 manifesta
567 3046 688 3091 Kleyn
713 3047 767 3090 (p.
788 3047 848 3090 20>
875 3050 907 3080 et
926 3045 1072 3081 Sem-ker
1098 3045 1241 3090 (symb.
1262 3044 1357 3080 erit)
1381 3055 1419 3089 22-
1441 3044 1511 3088 30),
1537 3043 1621 3086 fort.
1641 3046 1732 3077 recte
1751 3042 1762 3086 ΙΙ
1782 3044 1837 3077 29.
1865 3041 1915 3088 ei]
1942 3042 1969 3077 ii
1991 3044 2046 3090 M,

351 3125 390 3159 hi
416 3126 534 3161 FHD
552 3128 564 3170 Η
584 3130 637 3161 30.
665 3138 760 3171 quae
786 3127 880 3171 MD,
908 3104 980 3184 qu}
1006 3126 1033 3170 (i
1059 3138 1082 3160 α
1107 3138 1151 3160 m».
1174 3127 1208 3170 1)
1234 3126 1285 3169 H,
1312 3124 1376 3169 qui
1403 3125 1443 3160 F

2228 695 2242 954 -..uA—u*
2232 407 2242 692 Q‘-.-*.--⁴
2235 359 2242 387 ,-

2239 1285 2242 1292 ι

2235 1298 2242 1312 Δ

2234 1323 2242 1333 .,

2238 1419 2242 1433 1

2237 1468 2242 1479 ι

2236 1527 2242 1595 !

2237 1597 2242 1613 1

2234 1614 2242 1731 ἰ
