<?xml version="1.0" encoding="UTF-8"?>
<!DOCTYPE html PUBLIC "-//W3C//DTD XHTML 1.0 Transitional//EN"
    "http://www.w3.org/TR/xhtml1/DTD/xhtml1-transitional.dtd">
<html xmlns="http://www.w3.org/1999/xhtml" xml:lang="en" lang="en">
 <head>
  <title>
</title>
<meta http-equiv="Content-Type" content="text/html;charset=utf-8" />
  <meta name='ocr-system' content='tesseract 3.04.00' />
  <meta name='ocr-capabilities' content='ocr_page ocr_carea ocr_par ocr_line ocrx_word'/>
</head>
<body>
  <div class='ocr_page' id='page_1' title='image "./epistularumlibri00ciceuoft_0329.png"; bbox 0 0 2242 3496; ppageno 0'>
   <div class='ocr_carea' id='block_1_1' title="bbox 620 165 1844 206">
    <p class='ocr_par' dir='ltr' id='par_1_1' title="bbox 620 165 1844 206">
     <span class='ocr_line' id='line_1_1' title="bbox 620 165 1844 206; baseline 0.005 -6"><span class='ocrx_word' id='word_1_1' title='bbox 620 165 959 202; x_wconf 75' lang='lat' dir='ltr'>EPISTVLARVM</span> <span class='ocrx_word' id='word_1_2' title='bbox 987 166 1044 201; x_wconf 81' lang='lat' dir='ltr'>XI.</span> <span class='ocrx_word' id='word_1_3' title='bbox 1075 170 1126 201; x_wconf 92' lang='lat'>10.</span> <span class='ocrx_word' id='word_1_4' title='bbox 1157 170 1208 201; x_wconf 92' lang='lat'>11.</span> <span class='ocrx_word' id='word_1_5' title='bbox 1240 171 1292 202; x_wconf 72' lang='lat'>12.</span> <span class='ocrx_word' id='word_1_6' title='bbox 1322 168 1374 201; x_wconf 85' lang='lat'>13.</span> <span class='ocrx_word' id='word_1_7' title='bbox 1760 165 1844 206; x_wconf 62' lang='lat'>282)</span> 
     </span>
    </p>
   </div>
   <div class='ocr_carea' id='block_1_2' title="bbox 96 274 1849 1321">
    <p class='ocr_par' dir='ltr' id='par_1_2' title="bbox 96 274 1849 1321">
     <span class='ocr_line' id='line_1_2' title="bbox 149 274 1847 330; baseline -0.001 -13"><span class='ocrx_word' id='word_1_8' title='bbox 149 274 418 317; x_wconf 83' lang='lat' dir='ltr'>flammatum</span> <span class='ocrx_word' id='word_1_9' title='bbox 445 274 626 316; x_wconf 73' lang='lat' dir='ltr'>videtur.</span> <span class='ocrx_word' id='word_1_10' title='bbox 678 290 762 316; x_wconf 87' lang='lat' dir='ltr'>non</span> <span class='ocrx_word' id='word_1_11' title='bbox 795 275 945 316; x_wconf 82' lang='lat' dir='ltr'>dubito</span> <span class='ocrx_word' id='word_1_12' title='bbox 980 278 1124 317; x_wconf 83' lang='lat' dir='ltr'>autem</span> <span class='ocrx_word' id='word_1_13' title='bbox 1157 290 1235 330; x_wconf 85' lang='lat' dir='ltr'>pro</span> <span class='ocrx_word' id='word_1_14' title='bbox 1263 278 1338 316; x_wconf 87' lang='lat' dir='ltr'>tua</span> <span class='ocrx_word' id='word_1_15' title='bbox 1364 274 1573 330; x_wconf 82' lang='lat' dir='ltr'><strong>singulari</strong></span> <span class='ocrx_word' id='word_1_16' title='bbox 1606 274 1847 329; x_wconf 77' lang='lat' dir='ltr'>prudentia,</span> 
     </span>
     <span class='ocr_line' id='line_1_3' title="bbox 149 344 1847 401; baseline -0.001 -14"><span class='ocrx_word' id='word_1_17' title='bbox 149 345 253 401; x_wconf 91' lang='lat' dir='ltr'>quin</span> <span class='ocrx_word' id='word_1_18' title='bbox 296 345 550 400; x_wconf 83' lang='lat' dir='ltr'>perspicias,</span> <span class='ocrx_word' id='word_1_19' title='bbox 589 344 624 386; x_wconf 92' lang='lat' dir='ltr'>si</span> <span class='ocrx_word' id='word_1_20' title='bbox 670 345 832 400; x_wconf 84' lang='lat' dir='ltr'>aliquid</span> <span class='ocrx_word' id='word_1_21' title='bbox 877 346 1098 387; x_wconf 83' lang='lat' dir='ltr'>firmitatis</span> <span class='ocrx_word' id='word_1_22' title='bbox 1137 349 1291 388; x_wconf 83' lang='lat' dir='ltr'>nactus</span> <span class='ocrx_word' id='word_1_23' title='bbox 1333 345 1391 387; x_wconf 89' lang='lat' dir='ltr'>sit</span> <span class='ocrx_word' id='word_1_24' title='bbox 1430 345 1665 398; x_wconf 82' lang='lat' dir='ltr'>Antonius,</span> <span class='ocrx_word' id='word_1_25' title='bbox 1704 344 1847 386; x_wconf 84' lang='lat' dir='ltr'>omnia</span> 
     </span>
     <span class='ocr_line' id='line_1_4' title="bbox 150 415 1846 470; baseline -0.001 -12"><span class='ocrx_word' id='word_1_26' title='bbox 150 419 226 458; x_wconf 81' lang='lat' dir='ltr'>tua</span> <span class='ocrx_word' id='word_1_27' title='bbox 257 415 332 457; x_wconf 85' lang='lat' dir='ltr'>illa</span> <span class='ocrx_word' id='word_1_28' title='bbox 363 416 584 470; x_wconf 83' lang='lat' dir='ltr'>praeclara</span> <span class='ocrx_word' id='word_1_29' title='bbox 624 416 666 456; x_wconf 90' lang='lat' dir='ltr'>in</span> <span class='ocrx_word' id='word_1_30' title='bbox 707 431 794 457; x_wconf 86' lang='lat' dir='ltr'>rem</span> <span class='ocrx_word' id='word_1_31' title='bbox 838 432 876 470; x_wconf 90' lang='lat' dir='ltr'>p.</span> <span class='ocrx_word' id='word_1_32' title='bbox 910 417 1063 457; x_wconf 85' lang='lat' dir='ltr'>merita</span> <span class='ocrx_word' id='word_1_33' title='bbox 1107 416 1158 457; x_wconf 85' lang='lat' dir='ltr'>ad</span> <span class='ocrx_word' id='word_1_34' title='bbox 1197 416 1380 457; x_wconf 86' lang='lat' dir='ltr'>nihilum</span> <span class='ocrx_word' id='word_1_35' title='bbox 1419 430 1510 457; x_wconf 87' lang='lat' dir='ltr'>esse</span> <span class='ocrx_word' id='word_1_36' title='bbox 1550 418 1747 468; x_wconf 73' lang='lat' dir='ltr'>ventura,</span> <span class='ocrx_word' id='word_1_37' title='bbox 1787 416 1846 457; x_wconf 84' lang='lat' dir='ltr'>ita</span> 
     </span>
     <span class='ocr_line' id='line_1_5' title="bbox 149 486 1846 542; baseline -0.001 -13"><span class='ocrx_word' id='word_1_38' title='bbox 149 486 264 529; x_wconf 88' lang='lat' dir='ltr'>enim</span> <span class='ocrx_word' id='word_1_39' title='bbox 297 486 480 528; x_wconf 83' lang='lat' dir='ltr'>Romam</span> <span class='ocrx_word' id='word_1_40' title='bbox 514 489 605 528; x_wconf 90' lang='lat' dir='ltr'>erat</span> <span class='ocrx_word' id='word_1_41' title='bbox 636 487 902 540; x_wconf 81' lang='lat' dir='ltr'>nuntiatum,</span> <span class='ocrx_word' id='word_1_42' title='bbox 936 488 995 528; x_wconf 84' lang='lat' dir='ltr'>ita</span> <span class='ocrx_word' id='word_1_43' title='bbox 1028 501 1279 542; x_wconf 85' lang='lat' dir='ltr'>persuasum</span> <span class='ocrx_word' id='word_1_44' title='bbox 1313 487 1532 540; x_wconf 87' lang='lat' dir='ltr'>omnibus,</span> <span class='ocrx_word' id='word_1_45' title='bbox 1565 501 1662 529; x_wconf 87' lang='lat' dir='ltr'>cum</span> <span class='ocrx_word' id='word_1_46' title='bbox 1700 486 1846 541; x_wconf 79' lang='lat' dir='ltr'>paucis</span> 
     </span>
     <span class='ocr_line' id='line_1_6' title="bbox 114 557 1846 613; baseline 0.001 -16"><span class='ocrx_word' id='word_1_47' title='bbox 114 557 346 612; x_wconf 71' lang='lat' dir='ltr'>sinermis,</span> <span class='ocrx_word' id='word_1_48' title='bbox 384 557 627 612; x_wconf 79' lang='lat' dir='ltr'>perterritis</span> <span class='ocrx_word' id='word_1_49' title='bbox 667 561 802 611; x_wconf 88' lang='lat' dir='ltr'>metu,</span> <span class='ocrx_word' id='word_1_50' title='bbox 835 559 972 599; x_wconf 85' lang='lat' dir='ltr'>fracto</span> <span class='ocrx_word' id='word_1_51' title='bbox 1011 558 1154 599; x_wconf 84' lang='lat' dir='ltr'>animo</span> <span class='ocrx_word' id='word_1_52' title='bbox 1194 557 1356 613; x_wconf 77' lang='lat' dir='ltr'>fugisse</span> <span class='ocrx_word' id='word_1_53' title='bbox 1391 557 1642 599; x_wconf 86' lang='lat' dir='ltr'>Antonium.</span> <span class='ocrx_word' id='word_1_54' title='bbox 1704 557 1777 612; x_wconf 87' lang='lat' dir='ltr'>qui</span> <span class='ocrx_word' id='word_1_55' title='bbox 1810 557 1846 598; x_wconf 89' lang='lat' dir='ltr'>si</span> 
     </span>
     <span class='ocr_line' id='line_1_7' title="bbox 148 627 1848 684; baseline -0.001 -14"><span class='ocrx_word' id='word_1_56' title='bbox 148 627 213 670; x_wconf 85' lang='lat' dir='ltr'>ita.</span> <span class='ocrx_word' id='word_1_57' title='bbox 244 643 289 670; x_wconf 90' lang='lat' dir='ltr'>se</span> <span class='ocrx_word' id='word_1_58' title='bbox 321 628 466 683; x_wconf 90' lang='lat' dir='ltr'>habet,</span> <span class='ocrx_word' id='word_1_59' title='bbox 491 632 550 683; x_wconf 89' lang='lat' dir='ltr'>ut,</span> <span class='ocrx_word' id='word_1_60' title='bbox 577 629 937 683; x_wconf 83' lang='lat' dir='ltr'>quemadmodum</span> <span class='ocrx_word' id='word_1_61' title='bbox 970 628 1195 670; x_wconf 81' lang='lat' dir='ltr'>audiebam</span> <span class='ocrx_word' id='word_1_62' title='bbox 1223 629 1273 670; x_wconf 83' lang='lat' dir='ltr'>de</span> <span class='ocrx_word' id='word_1_63' title='bbox 1302 627 1520 681; x_wconf 78' lang='lat' dir='ltr'>Graeceio,</span> <span class='ocrx_word' id='word_1_64' title='bbox 1547 628 1721 684; x_wconf 81' lang='lat' dir='ltr'>confligi</span> <span class='ocrx_word' id='word_1_65' title='bbox 1751 642 1848 669; x_wconf 86' lang='lat' dir='ltr'>cum</span> 
     </span>
     <span class='ocr_line' id='line_1_8' title="bbox 149 698 1848 754; baseline -0.001 -13"><span class='ocrx_word' id='word_1_66' title='bbox 149 714 200 741; x_wconf 93' lang='lat' dir='ltr'>eo</span> <span class='ocrx_word' id='word_1_67' title='bbox 233 699 324 741; x_wconf 83' lang='lat' dir='ltr'>sine</span> <span class='ocrx_word' id='word_1_68' title='bbox 357 700 548 754; x_wconf 86' lang='lat' dir='ltr'>periculo</span> <span class='ocrx_word' id='word_1_69' title='bbox 580 714 668 741; x_wconf 92' lang='lat' dir='ltr'>non</span> <span class='ocrx_word' id='word_1_70' title='bbox 699 699 852 754; x_wconf 80' lang='lat' dir='ltr'>possit,</span> <span class='ocrx_word' id='word_1_71' title='bbox 876 714 962 740; x_wconf 92' lang='lat' dir='ltr'>non</span> <span class='ocrx_word' id='word_1_72' title='bbox 990 699 1061 740; x_wconf 92' lang='lat' dir='ltr'>ille</span> <span class='ocrx_word' id='word_1_73' title='bbox 1095 699 1202 740; x_wconf 91' lang='lat' dir='ltr'>mihi</span> <span class='ocrx_word' id='word_1_74' title='bbox 1228 699 1392 754; x_wconf 81' lang='lat' dir='ltr'>fugisse</span> <span class='ocrx_word' id='word_1_75' title='bbox 1423 715 1447 740; x_wconf 87' lang='lat' dir='ltr'>a</span> <span class='ocrx_word' id='word_1_76' title='bbox 1473 699 1643 740; x_wconf 87' lang='lat' dir='ltr'>Mutina</span> <span class='ocrx_word' id='word_1_77' title='bbox 1670 698 1848 753; x_wconf 83' lang='lat' dir='ltr'>videtur,</span> 
     </span>
     <span class='ocr_line' id='line_1_9' title="bbox 151 769 1847 825; baseline -0.001 -13"><span class='ocrx_word' id='word_1_78' title='bbox 151 769 225 812; x_wconf 87' lang='lat' dir='ltr'>sed</span> <span class='ocrx_word' id='word_1_79' title='bbox 257 770 400 812; x_wconf 91' lang='lat' dir='ltr'>locum</span> <span class='ocrx_word' id='word_1_80' title='bbox 432 770 536 811; x_wconf 91' lang='lat' dir='ltr'>belli</span> <span class='ocrx_word' id='word_1_81' title='bbox 569 770 744 825; x_wconf 85' lang='lat' dir='ltr'>gerendi</span> <span class='ocrx_word' id='word_1_82' title='bbox 786 773 989 811; x_wconf 88' lang='lat' dir='ltr'>mutasse.</span> <span class='ocrx_word' id='word_1_83' title='bbox 1052 770 1198 824; x_wconf 87' lang='lat' dir='ltr'>itaque</span> <span class='ocrx_word' id='word_1_84' title='bbox 1236 770 1433 811; x_wconf 89' lang='lat' dir='ltr'>homines</span> <span class='ocrx_word' id='word_1_85' title='bbox 1473 770 1546 811; x_wconf 92' lang='lat' dir='ltr'>alii</span> <span class='ocrx_word' id='word_1_86' title='bbox 1588 770 1691 812; x_wconf 87' lang='lat' dir='ltr'>facti</span> <span class='ocrx_word' id='word_1_87' title='bbox 1731 773 1847 812; x_wconf 89' lang='lat' dir='ltr'>sunt:</span> 
     </span>
     <span class='ocr_line' id='line_1_10' title="bbox 148 839 1849 896; baseline 0 -14"><span class='ocrx_word' id='word_1_88' title='bbox 148 840 346 883; x_wconf 88' lang='lat' dir='ltr'>nonnulli</span> <span class='ocrx_word' id='word_1_89' title='bbox 384 841 517 882; x_wconf 90' lang='lat' dir='ltr'>etiam</span> <span class='ocrx_word' id='word_1_90' title='bbox 556 843 812 895; x_wconf 90' lang='lat' dir='ltr'>queruntur,</span> <span class='ocrx_word' id='word_1_91' title='bbox 852 840 965 894; x_wconf 87' lang='lat' dir='ltr'>quod</span> <span class='ocrx_word' id='word_1_92' title='bbox 1007 839 1222 894; x_wconf 78' lang='lat' dir='ltr'>persecuti</span> <span class='ocrx_word' id='word_1_93' title='bbox 1265 855 1350 882; x_wconf 85' lang='lat' dir='ltr'>uon</span> <span class='ocrx_word' id='word_1_94' title='bbox 1391 841 1504 895; x_wconf 72' lang='lat' dir='ltr'>sitis,</span> <span class='ocrx_word' id='word_1_95' title='bbox 1550 841 1736 896; x_wconf 89' lang='lat' dir='ltr'>opprimi</span> <span class='ocrx_word' id='word_1_96' title='bbox 1776 855 1849 896; x_wconf 89' lang='lat' dir='ltr'>po-</span> 
     </span>
     <span class='ocr_line' id='line_1_11' title="bbox 96 911 1848 967; baseline 0.001 -17"><span class='ocrx_word' id='word_1_97' title='bbox 96 927 129 951; x_wconf 89' lang='grc' dir='ltr'>ιο</span> <span class='ocrx_word' id='word_1_98' title='bbox 148 911 297 966; x_wconf 88' lang='lat' dir='ltr'>tuisse,</span> <span class='ocrx_word' id='word_1_99' title='bbox 323 911 360 953; x_wconf 88' lang='lat' dir='ltr'>si</span> <span class='ocrx_word' id='word_1_100' title='bbox 392 911 590 953; x_wconf 75' lang='lat' dir='ltr'>celeritas</span> <span class='ocrx_word' id='word_1_101' title='bbox 617 911 813 952; x_wconf 89' lang='lat' dir='ltr'>adhibita</span> <span class='ocrx_word' id='word_1_102' title='bbox 838 914 962 964; x_wconf 86' lang='lat' dir='ltr'>esset,</span> <span class='ocrx_word' id='word_1_103' title='bbox 988 911 1252 952; x_wconf 81' lang='lat' dir='ltr'>existimant.</span> <span class='ocrx_word' id='word_1_104' title='bbox 1296 912 1470 953; x_wconf 91' lang='lat' dir='ltr'>omnino</span> <span class='ocrx_word' id='word_1_105' title='bbox 1498 915 1565 952; x_wconf 89' lang='lat' dir='ltr'>est</span> <span class='ocrx_word' id='word_1_106' title='bbox 1592 912 1672 954; x_wconf 82' lang='lat' dir='ltr'>hoc</span> <span class='ocrx_word' id='word_1_107' title='bbox 1698 912 1848 967; x_wconf 90' lang='lat' dir='ltr'>populi</span> 
     </span>
     <span class='ocr_line' id='line_1_12' title="bbox 150 982 1848 1038; baseline 0 -14"><span class='ocrx_word' id='word_1_108' title='bbox 150 983 419 1038; x_wconf 81' lang='lat' dir='ltr'>maximeque</span> <span class='ocrx_word' id='word_1_109' title='bbox 451 982 602 1034; x_wconf 84' lang='lat' dir='ltr'>nostri,</span> <span class='ocrx_word' id='word_1_110' title='bbox 635 982 680 1023; x_wconf 90' lang='lat' dir='ltr'>in</span> <span class='ocrx_word' id='word_1_111' title='bbox 712 997 761 1023; x_wconf 91' lang='lat' dir='ltr'>eo</span> <span class='ocrx_word' id='word_1_112' title='bbox 793 982 1071 1037; x_wconf 89' lang='lat' dir='ltr'>potissimum</span> <span class='ocrx_word' id='word_1_113' title='bbox 1104 982 1224 1023; x_wconf 86' lang='lat' dir='ltr'>abuti</span> <span class='ocrx_word' id='word_1_114' title='bbox 1257 983 1471 1037; x_wconf 82' lang='lat' dir='ltr'>libertate,</span> <span class='ocrx_word' id='word_1_115' title='bbox 1497 997 1573 1037; x_wconf 90' lang='lat' dir='ltr'>per</span> <span class='ocrx_word' id='word_1_116' title='bbox 1600 998 1727 1037; x_wconf 85' lang='lat' dir='ltr'>quem</span> <span class='ocrx_word' id='word_1_117' title='bbox 1753 997 1848 1024; x_wconf 90' lang='lat' dir='ltr'>eam</span> 
     </span>
     <span class='ocr_line' id='line_1_13' title="bbox 149 1052 1848 1108; baseline -0.001 -12"><span class='ocrx_word' id='word_1_118' title='bbox 149 1055 405 1096; x_wconf 86' lang='lat' dir='ltr'>consecutus</span> <span class='ocrx_word' id='word_1_119' title='bbox 444 1053 517 1107; x_wconf 77' lang='lat' dir='ltr'>sit,</span> <span class='ocrx_word' id='word_1_120' title='bbox 558 1053 631 1094; x_wconf 84' lang='lat' dir='ltr'>sed</span> <span class='ocrx_word' id='word_1_121' title='bbox 669 1056 815 1094; x_wconf 90' lang='lat' dir='ltr'>tamen</span> <span class='ocrx_word' id='word_1_122' title='bbox 857 1052 1229 1107; x_wconf 83' lang='lat' dir='ltr'>providendumst,</span> <span class='ocrx_word' id='word_1_123' title='bbox 1266 1067 1318 1094; x_wconf 92' lang='lat' dir='ltr'>ne</span> <span class='ocrx_word' id='word_1_124' title='bbox 1365 1067 1471 1108; x_wconf 82' lang='lat' dir='ltr'>quae</span> <span class='ocrx_word' id='word_1_125' title='bbox 1517 1054 1632 1095; x_wconf 88' lang='lat' dir='ltr'>iusta</span> <span class='ocrx_word' id='word_1_126' title='bbox 1676 1054 1848 1108; x_wconf 88' lang='lat' dir='ltr'>querela</span> 
     </span>
     <span class='ocr_line' id='line_1_14' title="bbox 149 1123 1848 1180; baseline -0.001 -13"><span class='ocrx_word' id='word_1_127' title='bbox 149 1139 242 1167; x_wconf 89' lang='lat' dir='ltr'>esse</span> <span class='ocrx_word' id='word_1_128' title='bbox 273 1124 426 1180; x_wconf 90' lang='lat' dir='ltr'>possit.</span> <span class='ocrx_word' id='word_1_129' title='bbox 488 1138 556 1166; x_wconf 90' lang='lat' dir='ltr'>res</span> <span class='ocrx_word' id='word_1_130' title='bbox 590 1139 634 1165; x_wconf 91' lang='lat' dir='ltr'>se</span> <span class='ocrx_word' id='word_1_131' title='bbox 667 1123 729 1165; x_wconf 88' lang='lat' dir='ltr'>sic</span> <span class='ocrx_word' id='word_1_132' title='bbox 760 1123 909 1164; x_wconf 90' lang='lat' dir='ltr'>habet:</span> <span class='ocrx_word' id='word_1_133' title='bbox 949 1123 985 1164; x_wconf 88' lang='lat' dir='ltr'>is</span> <span class='ocrx_word' id='word_1_134' title='bbox 1019 1123 1182 1164; x_wconf 90' lang='lat' dir='ltr'>bellum</span> <span class='ocrx_word' id='word_1_135' title='bbox 1221 1123 1469 1177; x_wconf 84' lang='lat' dir='ltr'>confecerit,</span> <span class='ocrx_word' id='word_1_136' title='bbox 1504 1124 1576 1178; x_wconf 88' lang='lat' dir='ltr'>qui</span> <span class='ocrx_word' id='word_1_137' title='bbox 1608 1123 1848 1166; x_wconf 86' lang='lat' dir='ltr'>Antonium</span> 
     </span>
     <span class='ocr_line' id='line_1_15' title="bbox 149 1194 1849 1251; baseline -0.001 -13"><span class='ocrx_word' id='word_1_138' title='bbox 149 1196 436 1251; x_wconf 70' lang='lat' dir='ltr'>oppresserit,</span> <span class='ocrx_word' id='word_1_139' title='bbox 466 1195 549 1237; x_wconf 87' lang='lat' dir='ltr'>hoc</span> <span class='ocrx_word' id='word_1_140' title='bbox 582 1209 710 1249; x_wconf 88' lang='lat' dir='ltr'>quam</span> <span class='ocrx_word' id='word_1_141' title='bbox 744 1195 831 1235; x_wconf 82' lang='lat' dir='ltr'>vim</span> <span class='ocrx_word' id='word_1_142' title='bbox 872 1194 1048 1249; x_wconf 86' lang='lat' dir='ltr'>habeat,</span> <span class='ocrx_word' id='word_1_143' title='bbox 1081 1197 1122 1235; x_wconf 88' lang='lat' dir='ltr'>te</span> <span class='ocrx_word' id='word_1_144' title='bbox 1162 1194 1410 1236; x_wconf 87' lang='lat' dir='ltr'>existimare</span> <span class='ocrx_word' id='word_1_145' title='bbox 1449 1195 1581 1250; x_wconf 89' lang='lat' dir='ltr'>malo,</span> <span class='ocrx_word' id='word_1_146' title='bbox 1614 1209 1742 1249; x_wconf 89' lang='lat' dir='ltr'>quam</span> <span class='ocrx_word' id='word_1_147' title='bbox 1782 1210 1849 1237; x_wconf 91' lang='lat' dir='ltr'>me</span> 
     </span>
     <span class='ocr_line' id='line_1_16' title="bbox 96 1266 572 1321; baseline 0.002 -16"><span class='ocrx_word' id='word_1_148' title='bbox 96 1279 129 1306; x_wconf 84' lang='lat'>15</span> <span class='ocrx_word' id='word_1_149' title='bbox 149 1267 341 1321; x_wconf 83' lang='lat' dir='ltr'>apertius</span> <span class='ocrx_word' id='word_1_150' title='bbox 374 1266 572 1308; x_wconf 89' lang='lat' dir='ltr'>scribere.</span> 
     </span>
    </p>
   </div>
   <div class='ocr_carea' id='block_1_3' title="bbox 326 1370 1670 1521">
    <p class='ocr_par' dir='ltr' id='par_1_3' title="bbox 326 1370 1670 1521">
     <span class='ocr_line' id='line_1_17' title="bbox 846 1370 1151 1428; baseline -0.003 -15"><span class='ocrx_word' id='word_1_151' title='bbox 846 1371 966 1413; x_wconf 82' lang='lat' dir='ltr'>xm.</span> <span class='ocrx_word' id='word_1_152' title='bbox 1013 1370 1151 1428; x_wconf 83' lang='lat'>(389.)</span> 
     </span>
     <span class='ocr_line' id='line_1_18' title="bbox 326 1476 1670 1521; baseline 0 -1"><span class='ocrx_word' id='word_1_153' title='bbox 326 1478 377 1520; x_wconf 85' lang='lat' dir='ltr'>n.</span> <span class='ocrx_word' id='word_1_154' title='bbox 410 1478 641 1521; x_wconf 79' lang='lat' dir='ltr'><strong>BRVTVS</strong></span> <span class='ocrx_word' id='word_1_155' title='bbox 674 1478 789 1520; x_wconf 82' lang='lat' dir='ltr'>IMP.</span> <span class='ocrx_word' id='word_1_156' title='bbox 823 1477 940 1521; x_wconf 75' lang='lat' dir='ltr'>cos</span> <span class='ocrx_word' id='word_1_157' title='bbox 973 1477 1097 1520; x_wconf 80' lang='lat' dir='ltr'>DES.</span> <span class='ocrx_word' id='word_1_158' title='bbox 1132 1476 1171 1520; x_wconf 80' lang='lat' dir='ltr'>s,</span> <span class='ocrx_word' id='word_1_159' title='bbox 1204 1477 1255 1520; x_wconf 90' lang='lat' dir='ltr'>D.</span> <span class='ocrx_word' id='word_1_160' title='bbox 1287 1477 1343 1520; x_wconf 89' lang='lat' dir='ltr'>M.</span> <span class='ocrx_word' id='word_1_161' title='bbox 1377 1476 1670 1521; x_wconf 81' lang='lat' dir='ltr'>CICERONI.</span> 
     </span>
    </p>
   </div>
   <div class='ocr_carea' id='block_1_4' title="bbox 95 1572 1893 2551">
    <p class='ocr_par' dir='ltr' id='par_1_4' title="bbox 267 1572 1846 1629">
     <span class='ocr_line' id='line_1_19' title="bbox 267 1572 1846 1629; baseline 0.001 -14"><span class='ocrx_word' id='word_1_162' title='bbox 267 1573 361 1615; x_wconf 90' lang='lat' dir='ltr'>Iam</span> <span class='ocrx_word' id='word_1_163' title='bbox 397 1589 484 1615; x_wconf 89' lang='lat' dir='ltr'>non</span> <span class='ocrx_word' id='word_1_164' title='bbox 523 1587 605 1629; x_wconf 84' lang='lat' dir='ltr'>ago</span> <span class='ocrx_word' id='word_1_165' title='bbox 643 1573 726 1615; x_wconf 89' lang='lat' dir='ltr'>tibi</span> <span class='ocrx_word' id='word_1_166' title='bbox 765 1573 946 1629; x_wconf 71' lang='lat' dir='ltr'>gratias,</span> <span class='ocrx_word' id='word_1_167' title='bbox 991 1573 1059 1615; x_wconf 93' lang='lat' dir='ltr'>cui</span> <span class='ocrx_word' id='word_1_168' title='bbox 1103 1572 1218 1614; x_wconf 90' lang='lat' dir='ltr'>enim</span> <span class='ocrx_word' id='word_1_169' title='bbox 1261 1587 1306 1614; x_wconf 87' lang='lat' dir='ltr'>re</span> <span class='ocrx_word' id='word_1_170' title='bbox 1349 1573 1421 1615; x_wconf 88' lang='lat' dir='ltr'>vix</span> <span class='ocrx_word' id='word_1_171' title='bbox 1457 1573 1616 1615; x_wconf 87' lang='lat' dir='ltr'>referre</span> <span class='ocrx_word' id='word_1_172' title='bbox 1656 1589 1846 1629; x_wconf 90' lang='lat' dir='ltr'>possum,</span> 
     </span>
    </p>

    <p class='ocr_par' dir='ltr' id='par_1_5' title="bbox 95 1643 1893 2551">
     <span class='ocr_line' id='line_1_20' title="bbox 148 1643 1849 1700; baseline 0.001 -14"><span class='ocrx_word' id='word_1_173' title='bbox 148 1644 249 1686; x_wconf 90' lang='lat' dir='ltr'>huic</span> <span class='ocrx_word' id='word_1_174' title='bbox 280 1645 423 1686; x_wconf 84' lang='lat' dir='ltr'>verbis</span> <span class='ocrx_word' id='word_1_175' title='bbox 455 1659 544 1686; x_wconf 88' lang='lat' dir='ltr'>non</span> <span class='ocrx_word' id='word_1_176' title='bbox 575 1645 740 1699; x_wconf 86' lang='lat' dir='ltr'>patitur</span> <span class='ocrx_word' id='word_1_177' title='bbox 771 1658 839 1686; x_wconf 90' lang='lat' dir='ltr'>res</span> <span class='ocrx_word' id='word_1_178' title='bbox 872 1644 977 1685; x_wconf 90' lang='lat' dir='ltr'>satis</span> <span class='ocrx_word' id='word_1_179' title='bbox 1010 1643 1124 1685; x_wconf 88' lang='lat' dir='ltr'>fieri:</span> <span class='ocrx_word' id='word_1_180' title='bbox 1163 1643 1382 1685; x_wconf 90' lang='lat' dir='ltr'>attendere</span> <span class='ocrx_word' id='word_1_181' title='bbox 1421 1646 1463 1685; x_wconf 93' lang='lat' dir='ltr'>te</span> <span class='ocrx_word' id='word_1_182' title='bbox 1502 1644 1618 1699; x_wconf 87' lang='lat' dir='ltr'>volo,</span> <span class='ocrx_word' id='word_1_183' title='bbox 1657 1659 1767 1700; x_wconf 85' lang='lat' dir='ltr'>quae</span> <span class='ocrx_word' id='word_1_184' title='bbox 1804 1646 1849 1687; x_wconf 91' lang='lat' dir='ltr'>in</span> 
     </span>
     <span class='ocr_line' id='line_1_21' title="bbox 96 1714 1849 1771; baseline 0.002 -16"><span class='ocrx_word' id='word_1_185' title='bbox 96 1731 131 1755; x_wconf 83' lang='lat'>20</span> <span class='ocrx_word' id='word_1_186' title='bbox 150 1714 350 1757; x_wconf 86' lang='lat' dir='ltr'>manibus</span> <span class='ocrx_word' id='word_1_187' title='bbox 383 1718 505 1771; x_wconf 74' lang='lat' dir='ltr'>sunt,</span> <span class='ocrx_word' id='word_1_188' title='bbox 537 1730 622 1771; x_wconf 86' lang='lat' dir='ltr'>qua</span> <span class='ocrx_word' id='word_1_189' title='bbox 654 1715 768 1757; x_wconf 89' lang='lat' dir='ltr'>enim</span> <span class='ocrx_word' id='word_1_190' title='bbox 799 1714 1028 1770; x_wconf 89' lang='lat' dir='ltr'>prudentia</span> <span class='ocrx_word' id='word_1_191' title='bbox 1060 1729 1117 1768; x_wconf 90' lang='lat' dir='ltr'>es,</span> <span class='ocrx_word' id='word_1_192' title='bbox 1147 1714 1259 1755; x_wconf 86' lang='lat' dir='ltr'>nihil</span> <span class='ocrx_word' id='word_1_193' title='bbox 1291 1716 1334 1756; x_wconf 90' lang='lat' dir='ltr'>te</span> <span class='ocrx_word' id='word_1_194' title='bbox 1366 1714 1523 1770; x_wconf 84' lang='lat' dir='ltr'>fugiet,</span> <span class='ocrx_word' id='word_1_195' title='bbox 1556 1715 1593 1756; x_wconf 88' lang='lat' dir='ltr'>si</span> <span class='ocrx_word' id='word_1_196' title='bbox 1632 1730 1748 1757; x_wconf 90' lang='lat' dir='ltr'>meas</span> <span class='ocrx_word' id='word_1_197' title='bbox 1780 1716 1849 1758; x_wconf 91' lang='lat' dir='ltr'>lit-</span> 
     </span>
     <span class='ocr_line' id='line_1_22' title="bbox 149 1784 1849 1842; baseline 0 -14"><span class='ocrx_word' id='word_1_198' title='bbox 149 1789 265 1828; x_wconf 84' lang='lat' dir='ltr'>teras</span> <span class='ocrx_word' id='word_1_199' title='bbox 297 1786 531 1842; x_wconf 86' lang='lat' dir='ltr'>diligenter</span> <span class='ocrx_word' id='word_1_200' title='bbox 566 1786 737 1842; x_wconf 87' lang='lat' dir='ltr'>legeris.</span> <span class='ocrx_word' id='word_1_201' title='bbox 800 1786 923 1840; x_wconf 91' lang='lat' dir='ltr'>sequi</span> <span class='ocrx_word' id='word_1_202' title='bbox 960 1784 1192 1828; x_wconf 86' lang='lat' dir='ltr'>confestim</span> <span class='ocrx_word' id='word_1_203' title='bbox 1222 1784 1464 1827; x_wconf 87' lang='lat' dir='ltr'>Antonium</span> <span class='ocrx_word' id='word_1_204' title='bbox 1499 1786 1568 1827; x_wconf 89' lang='lat' dir='ltr'>his</span> <span class='ocrx_word' id='word_1_205' title='bbox 1607 1787 1657 1827; x_wconf 93' lang='lat' dir='ltr'>de</span> <span class='ocrx_word' id='word_1_206' title='bbox 1697 1788 1849 1842; x_wconf 82' lang='lat' dir='ltr'>causis,</span> 
     </span>
     <span class='ocr_line' id='line_1_23' title="bbox 148 1855 1849 1913; baseline 0 -14"><span class='ocrx_word' id='word_1_207' title='bbox 148 1855 317 1913; x_wconf 85' lang='lat' dir='ltr'>Cicero,</span> <span class='ocrx_word' id='word_1_208' title='bbox 361 1871 449 1900; x_wconf 91' lang='lat' dir='ltr'>non</span> <span class='ocrx_word' id='word_1_209' title='bbox 490 1857 633 1912; x_wconf 89' lang='lat' dir='ltr'>potui:</span> <span class='ocrx_word' id='word_1_210' title='bbox 678 1871 795 1899; x_wconf 90' lang='lat' dir='ltr'>eram</span> <span class='ocrx_word' id='word_1_211' title='bbox 839 1856 930 1898; x_wconf 84' lang='lat' dir='ltr'>sine</span> <span class='ocrx_word' id='word_1_212' title='bbox 975 1856 1214 1912; x_wconf 86' lang='lat' dir='ltr'>equitibus,</span> <span class='ocrx_word' id='word_1_213' title='bbox 1259 1856 1350 1898; x_wconf 90' lang='lat' dir='ltr'>sine</span> <span class='ocrx_word' id='word_1_214' title='bbox 1394 1856 1618 1912; x_wconf 83' lang='lat' dir='ltr'>iumentis3</span> <span class='ocrx_word' id='word_1_215' title='bbox 1654 1857 1849 1900; x_wconf 88' lang='lat' dir='ltr'>Hirtium</span> 
     </span>
     <span class='ocr_line' id='line_1_24' title="bbox 147 1926 1850 1983; baseline 0.001 -13"><span class='ocrx_word' id='word_1_216' title='bbox 147 1928 310 1983; x_wconf 90' lang='lat' dir='ltr'>perisse</span> <span class='ocrx_word' id='word_1_217' title='bbox 340 1928 606 1983; x_wconf 81' lang='lat' dir='ltr'>nesciebam,</span> <span class='ocrx_word' id='word_1_218' title='bbox 636 1927 843 1983; x_wconf 87' lang='lat' dir='ltr'>Aquilam</span> <span class='ocrx_word' id='word_1_219' title='bbox 874 1928 1038 1982; x_wconf 88' lang='lat' dir='ltr'>perisse</span> <span class='ocrx_word' id='word_1_220' title='bbox 1075 1927 1339 1981; x_wconf 74' lang='lat' dir='ltr'>nesciebam,</span> <span class='ocrx_word' id='word_1_221' title='bbox 1373 1926 1548 1969; x_wconf 84' lang='lat' dir='ltr'>Caesari</span> <span class='ocrx_word' id='word_1_222' title='bbox 1586 1943 1674 1970; x_wconf 89' lang='lat' dir='ltr'>non</span> <span class='ocrx_word' id='word_1_223' title='bbox 1711 1930 1850 1971; x_wconf 89' lang='lat' dir='ltr'>crede-</span> 
     </span>
     <span class='ocr_line' id='line_1_25' title="bbox 146 1997 1849 2054; baseline 0.001 -13"><span class='ocrx_word' id='word_1_224' title='bbox 146 1999 260 2053; x_wconf 89' lang='lat' dir='ltr'>bam,</span> <span class='ocrx_word' id='word_1_225' title='bbox 290 1999 411 2054; x_wconf 90' lang='lat' dir='ltr'>prius</span> <span class='ocrx_word' id='word_1_226' title='bbox 444 2014 574 2054; x_wconf 87' lang='lat' dir='ltr'>quam</span> <span class='ocrx_word' id='word_1_227' title='bbox 607 1998 905 2041; x_wconf 85' lang='lat' dir='ltr'>convenissem</span> <span class='ocrx_word' id='word_1_228' title='bbox 937 2001 980 2039; x_wconf 90' lang='lat' dir='ltr'>et</span> <span class='ocrx_word' id='word_1_229' title='bbox 1026 1997 1277 2039; x_wconf 84' lang='lat' dir='ltr'>conlocutus</span> <span class='ocrx_word' id='word_1_230' title='bbox 1316 2012 1466 2040; x_wconf 88' lang='lat' dir='ltr'>essem.</span> <span class='ocrx_word' id='word_1_231' title='bbox 1528 1997 1600 2040; x_wconf 87' lang='lat' dir='ltr'>hic</span> <span class='ocrx_word' id='word_1_232' title='bbox 1639 1999 1729 2041; x_wconf 87' lang='lat' dir='ltr'>dies</span> <span class='ocrx_word' id='word_1_233' title='bbox 1767 2000 1849 2042; x_wconf 90' lang='lat' dir='ltr'>hoc</span> 
     </span>
     <span class='ocr_line' id='line_1_26' title="bbox 95 2067 1893 2125; baseline 0.002 -15"><span class='ocrx_word' id='word_1_234' title='bbox 95 2084 129 2110; x_wconf 83' lang='lat'>25</span> <span class='ocrx_word' id='word_1_235' title='bbox 150 2070 277 2112; x_wconf 89' lang='lat' dir='ltr'>modo</span> <span class='ocrx_word' id='word_1_236' title='bbox 308 2070 428 2112; x_wconf 91' lang='lat' dir='ltr'>abiit.</span> <span class='ocrx_word' id='word_1_237' title='bbox 491 2072 667 2125; x_wconf 89' lang='lat' dir='ltr'>postero</span> <span class='ocrx_word' id='word_1_238' title='bbox 706 2069 773 2111; x_wconf 89' lang='lat' dir='ltr'>die</span> <span class='ocrx_word' id='word_1_239' title='bbox 805 2083 930 2110; x_wconf 88' lang='lat' dir='ltr'>mane</span> <span class='ocrx_word' id='word_1_240' title='bbox 964 2084 989 2110; x_wconf 88' lang='lat' dir='ltr'>a</span> <span class='ocrx_word' id='word_1_241' title='bbox 1019 2067 1161 2110; x_wconf 87' lang='lat' dir='ltr'>Pansa</span> <span class='ocrx_word' id='word_1_242' title='bbox 1193 2082 1289 2110; x_wconf 85' lang='lat' dir='ltr'>sum</span> <span class='ocrx_word' id='word_1_243' title='bbox 1322 2068 1556 2110; x_wconf 86' lang='lat' dir='ltr'>accersitus</span> <span class='ocrx_word' id='word_1_244' title='bbox 1587 2069 1846 2112; x_wconf 76' lang='lat' dir='ltr'>Bononiam:</span> <span class='ocrx_word' id='word_1_245' title='bbox 1875 2091 1893 2114; x_wconf 91' lang='grc'>·..</span> 
     </span>
     <span class='ocr_line' id='line_1_27' title="bbox 148 2139 1848 2195; baseline 0 -13"><span class='ocrx_word' id='word_1_246' title='bbox 148 2155 246 2182; x_wconf 85' lang='grc'>011111</span> <span class='ocrx_word' id='word_1_247' title='bbox 289 2141 334 2182; x_wconf 89' lang='grc'>111</span> <span class='ocrx_word' id='word_1_248' title='bbox 377 2140 532 2182; x_wconf 90' lang='lat' dir='ltr'>itinere</span> <span class='ocrx_word' id='word_1_249' title='bbox 577 2155 734 2195; x_wconf 90' lang='lat' dir='ltr'>essem,</span> <span class='ocrx_word' id='word_1_250' title='bbox 776 2140 1027 2182; x_wconf 86' lang='lat' dir='ltr'>nuntiatum</span> <span class='ocrx_word' id='word_1_251' title='bbox 1070 2139 1178 2180; x_wconf 91' lang='lat' dir='ltr'>mihi</span> <span class='ocrx_word' id='word_1_252' title='bbox 1223 2141 1290 2180; x_wconf 90' lang='lat' dir='ltr'>est</span> <span class='ocrx_word' id='word_1_253' title='bbox 1339 2154 1437 2181; x_wconf 90' lang='lat' dir='ltr'>eum</span> <span class='ocrx_word' id='word_1_254' title='bbox 1481 2142 1701 2182; x_wconf 89' lang='lat' dir='ltr'>mortuum</span> <span class='ocrx_word' id='word_1_255' title='bbox 1745 2156 1848 2184; x_wconf 91' lang='lat' dir='ltr'>esse.</span> 
     </span>
     <span class='ocr_line' id='line_1_28' title="bbox 147 2209 1850 2266; baseline 0.001 -13"><span class='ocrx_word' id='word_1_256' title='bbox 147 2212 310 2254; x_wconf 88' lang='lat' dir='ltr'>recurri</span> <span class='ocrx_word' id='word_1_257' title='bbox 341 2211 395 2253; x_wconf 86' lang='lat' dir='ltr'>ad</span> <span class='ocrx_word' id='word_1_258' title='bbox 425 2225 544 2253; x_wconf 88' lang='lat' dir='ltr'>meas</span> <span class='ocrx_word' id='word_1_259' title='bbox 570 2211 782 2266; x_wconf 70' lang='lat' dir='ltr'>copiolas,</span> <span class='ocrx_word' id='word_1_260' title='bbox 813 2211 875 2253; x_wconf 87' lang='lat' dir='ltr'>sic</span> <span class='ocrx_word' id='word_1_261' title='bbox 907 2210 1022 2253; x_wconf 90' lang='lat' dir='ltr'>enim</span> <span class='ocrx_word' id='word_1_262' title='bbox 1046 2224 1145 2252; x_wconf 80' lang='lat' dir='ltr'>vere</span> <span class='ocrx_word' id='word_1_263' title='bbox 1172 2224 1244 2252; x_wconf 89' lang='lat' dir='ltr'>eas</span> <span class='ocrx_word' id='word_1_264' title='bbox 1271 2209 1487 2265; x_wconf 87' lang='lat' dir='ltr'>appellare</span> <span class='ocrx_word' id='word_1_265' title='bbox 1519 2226 1714 2266; x_wconf 85' lang='lat' dir='ltr'>possum:</span> <span class='ocrx_word' id='word_1_266' title='bbox 1749 2216 1850 2255; x_wconf 86' lang='lat' dir='ltr'>sunt</span> 
     </span>
     <span class='ocr_line' id='line_1_29' title="bbox 148 2281 1848 2337; baseline 0.001 -12"><span class='ocrx_word' id='word_1_267' title='bbox 148 2282 528 2325; x_wconf 85' lang='lat' dir='ltr'>extenuatissimae</span> <span class='ocrx_word' id='word_1_268' title='bbox 562 2285 606 2324; x_wconf 91' lang='lat' dir='ltr'>et</span> <span class='ocrx_word' id='word_1_269' title='bbox 637 2282 785 2337; x_wconf 88' lang='lat' dir='ltr'>inopia</span> <span class='ocrx_word' id='word_1_270' title='bbox 817 2281 1010 2324; x_wconf 91' lang='lat' dir='ltr'>omnium</span> <span class='ocrx_word' id='word_1_271' title='bbox 1041 2296 1186 2323; x_wconf 89' lang='lat' dir='ltr'>rerum</span> <span class='ocrx_word' id='word_1_272' title='bbox 1216 2281 1403 2336; x_wconf 87' lang='lat' dir='ltr'>pessime</span> <span class='ocrx_word' id='word_1_273' title='bbox 1443 2284 1656 2336; x_wconf 85' lang='lat' dir='ltr'>acceptae.</span> <span class='ocrx_word' id='word_1_274' title='bbox 1718 2283 1848 2326; x_wconf 85' lang='lat' dir='ltr'>biduo</span> 
     </span>
     <span class='ocr_line' id='line_1_30' title="bbox 147 2352 1847 2409; baseline 0.001 -14"><span class='ocrx_word' id='word_1_275' title='bbox 147 2368 215 2395; x_wconf 90' lang='lat' dir='ltr'>me</span> <span class='ocrx_word' id='word_1_276' title='bbox 248 2353 466 2396; x_wconf 89' lang='lat' dir='ltr'>Antonius</span> <span class='ocrx_word' id='word_1_277' title='bbox 499 2353 751 2407; x_wconf 79' lang='lat' dir='ltr'>antecessit,</span> <span class='ocrx_word' id='word_1_278' title='bbox 783 2353 941 2394; x_wconf 90' lang='lat' dir='ltr'>itinera</span> <span class='ocrx_word' id='word_1_279' title='bbox 977 2352 1082 2395; x_wconf 90' lang='lat' dir='ltr'>fecit</span> <span class='ocrx_word' id='word_1_280' title='bbox 1119 2352 1256 2394; x_wconf 89' lang='lat' dir='ltr'>multo</span> <span class='ocrx_word' id='word_1_281' title='bbox 1296 2352 1460 2394; x_wconf 89' lang='lat' dir='ltr'>maiora</span> <span class='ocrx_word' id='word_1_282' title='bbox 1497 2352 1685 2408; x_wconf 78' lang='lat' dir='ltr'>fugiens,</span> <span class='ocrx_word' id='word_1_283' title='bbox 1718 2369 1847 2409; x_wconf 88' lang='lat' dir='ltr'>quam</span> 
     </span>
     <span class='ocr_line' id='line_1_31' title="bbox 95 2422 1848 2481; baseline 0.002 -17"><span class='ocrx_word' id='word_1_284' title='bbox 95 2439 129 2464; x_wconf 83' lang='lat'>30</span> <span class='ocrx_word' id='word_1_285' title='bbox 149 2438 229 2480; x_wconf 84' lang='lat' dir='ltr'>ego</span> <span class='ocrx_word' id='word_1_286' title='bbox 263 2438 464 2479; x_wconf 87' lang='lat' dir='ltr'>sequens;</span> <span class='ocrx_word' id='word_1_287' title='bbox 500 2424 573 2465; x_wconf 91' lang='lat' dir='ltr'>ille</span> <span class='ocrx_word' id='word_1_288' title='bbox 606 2424 720 2465; x_wconf 89' lang='lat' dir='ltr'>enim</span> <span class='ocrx_word' id='word_1_289' title='bbox 751 2424 803 2465; x_wconf 90' lang='lat' dir='ltr'>iit</span> <span class='ocrx_word' id='word_1_290' title='bbox 838 2424 1023 2478; x_wconf 89' lang='lat' dir='ltr'>passim,</span> <span class='ocrx_word' id='word_1_291' title='bbox 1056 2437 1136 2479; x_wconf 84' lang='lat' dir='ltr'>ego</span> <span class='ocrx_word' id='word_1_292' title='bbox 1176 2422 1421 2465; x_wconf 87' lang='lat' dir='ltr'>ordinatim.</span> <span class='ocrx_word' id='word_1_293' title='bbox 1484 2438 1751 2480; x_wconf 88' lang='lat' dir='ltr'>quacumque</span> <span class='ocrx_word' id='word_1_294' title='bbox 1783 2426 1848 2481; x_wconf 88' lang='lat' dir='ltr'>iit,</span> 
     </span>
     <span class='ocr_line' id='line_1_32' title="bbox 150 2493 1848 2551; baseline 0.001 -15"><span class='ocrx_word' id='word_1_295' title='bbox 150 2495 373 2550; x_wconf 86' lang='lat' dir='ltr'>ergastula</span> <span class='ocrx_word' id='word_1_296' title='bbox 409 2495 558 2548; x_wconf 87' lang='lat' dir='ltr'>solvit,</span> <span class='ocrx_word' id='word_1_297' title='bbox 589 2494 787 2536; x_wconf 89' lang='lat' dir='ltr'>homines</span> <span class='ocrx_word' id='word_1_298' title='bbox 827 2494 1037 2549; x_wconf 88' lang='lat' dir='ltr'>abripuit,</span> <span class='ocrx_word' id='word_1_299' title='bbox 1069 2493 1269 2536; x_wconf 87' lang='lat' dir='ltr'>constitit</span> <span class='ocrx_word' id='word_1_300' title='bbox 1299 2508 1534 2548; x_wconf 86' lang='lat' dir='ltr'>nusquam,</span> <span class='ocrx_word' id='word_1_301' title='bbox 1565 2494 1685 2549; x_wconf 87' lang='lat' dir='ltr'>prius</span> <span class='ocrx_word' id='word_1_302' title='bbox 1718 2510 1848 2551; x_wconf 91' lang='lat' dir='ltr'>quam</span> 
     </span>
    </p>
   </div>
   <div class='ocr_carea' id='block_1_5' title="bbox 149 2578 404 2583">
    <p class='ocr_par' dir='ltr' id='par_1_6' title="bbox 149 2578 404 2583">
     <span class='ocr_line' id='line_1_33' title="bbox 149 2578 404 2583; baseline 0 0"><span class='ocrx_word' id='word_1_303' title='bbox 149 2578 404 2583; x_wconf 95' lang='lat' dir='ltr'> </span> 
     </span>
    </p>
   </div>
   <div class='ocr_carea' id='block_1_6' title="bbox 267 2621 1847 2670">
    <p class='ocr_par' dir='ltr' id='par_1_7' title="bbox 267 2621 1847 2670">
     <span class='ocr_line' id='line_1_34' title="bbox 267 2621 1847 2670; baseline 0.002 -13"><span class='ocrx_word' id='word_1_304' title='bbox 267 2627 297 2658; x_wconf 92' lang='lat'>1.</span> <span class='ocrx_word' id='word_1_305' title='bbox 324 2621 475 2658; x_wconf 90' lang='lat' dir='ltr'>uidetur</span> <span class='ocrx_word' id='word_1_306' title='bbox 493 2634 536 2658; x_wconf 73' lang='lat' dir='ltr'>ecc</span> <span class='ocrx_word' id='word_1_307' title='bbox 555 2622 731 2658; x_wconf 86' lang='lat' dir='ltr'>uidentur</span> <span class='ocrx_word' id='word_1_308' title='bbox 755 2622 823 2667; x_wconf 71' lang='lat' dir='ltr'>D2,</span> <span class='ocrx_word' id='word_1_309' title='bbox 847 2622 994 2658; x_wconf 86' lang='lat' dir='ltr'>uideret</span> <span class='ocrx_word' id='word_1_310' title='bbox 1018 2623 1064 2658; x_wconf 88' lang='lat' dir='ltr'><strong><em>H</em></strong></span> <span class='ocrx_word' id='word_1_311' title='bbox 1078 2624 1090 2668; x_wconf 84' lang='grc' dir='ltr'>ΙΙ</span> <span class='ocrx_word' id='word_1_312' title='bbox 1109 2625 1140 2658; x_wconf 88' lang='grc'>3.</span> <span class='ocrx_word' id='word_1_313' title='bbox 1167 2622 1251 2668; x_wconf 87' lang='lat' dir='ltr'>tua]</span> <span class='ocrx_word' id='word_1_314' title='bbox 1279 2633 1348 2657; x_wconf 86' lang='lat' dir='ltr'>sua</span> <span class='ocrx_word' id='word_1_315' title='bbox 1376 2625 1416 2657; x_wconf 81' lang='grc' dir='ltr'>Ψ</span> <span class='ocrx_word' id='word_1_316' title='bbox 1431 2624 1443 2668; x_wconf 88' lang='grc' dir='ltr'>ΙΙ</span> <span class='ocrx_word' id='word_1_317' title='bbox 1463 2626 1494 2658; x_wconf 89' lang='lat'>5.</span> <span class='ocrx_word' id='word_1_318' title='bbox 1520 2622 1746 2670; x_wconf 83' lang='lat' dir='ltr'>perterritis]</span> <span class='ocrx_word' id='word_1_319' title='bbox 1766 2635 1847 2669; x_wconf 89' lang='lat' dir='ltr'>per·</span> 
     </span>
    </p>
   </div>
   <div class='ocr_carea' id='block_1_7' title="bbox 145 2682 1849 3163">
    <p class='ocr_par' dir='ltr' id='par_1_8' title="bbox 145 2682 1849 3163">
     <span class='ocr_line' id='line_1_35' title="bbox 146 2682 1849 2739; baseline 0 -9"><span class='ocrx_word' id='word_1_320' title='bbox 146 2692 255 2730; x_wconf 75' lang='lat' dir='ltr'>terris</span> <span class='ocrx_word' id='word_1_321' title='bbox 280 2693 336 2736; x_wconf 98' lang='lat' dir='ltr'>M,</span> <span class='ocrx_word' id='word_1_322' title='bbox 373 2704 439 2739; x_wconf 89' lang='lat' dir='ltr'>per</span> <span class='ocrx_word' id='word_1_323' title='bbox 464 2695 582 2729; x_wconf 88' lang='lat' dir='ltr'>terras</span> <span class='ocrx_word' id='word_1_324' title='bbox 609 2693 690 2729; x_wconf 88' lang='lat' dir='ltr'>HD</span> <span class='ocrx_word' id='word_1_325' title='bbox 737 2695 750 2739; x_wconf 77' lang='lat' dir='ltr'>ss</span> <span class='ocrx_word' id='word_1_326' title='bbox 794 2697 825 2729; x_wconf 85' lang='lat'>7.</span> <span class='ocrx_word' id='word_1_327' title='bbox 850 2705 925 2729; x_wconf 90' lang='lat' dir='ltr'>non</span> <span class='ocrx_word' id='word_1_328' title='bbox 950 2693 1015 2728; x_wconf 89' lang='lat' dir='ltr'>ille</span> <span class='ocrx_word' id='word_1_329' title='bbox 1040 2692 1133 2728; x_wconf 85' lang='lat' dir='ltr'>mihi</span> <span class='ocrx_word' id='word_1_330' title='bbox 1167 2692 1308 2738; x_wconf 87' lang='lat' dir='ltr'>fugisse</span> <span class='ocrx_word' id='word_1_331' title='bbox 1335 2693 1397 2735; x_wconf 87' lang='grc' dir='ltr'><em>Μ</em></span> <span class='ocrx_word' id='word_1_332' title='bbox 1434 2693 1527 2728; x_wconf 89' lang='grc'>1111111</span> <span class='ocrx_word' id='word_1_333' title='bbox 1554 2682 1620 2739; x_wconf 72' lang='grc'>(111)</span> <span class='ocrx_word' id='word_1_334' title='bbox 1652 2693 1716 2729; x_wconf 82' lang='lat' dir='ltr'>ille</span> <span class='ocrx_word' id='word_1_335' title='bbox 1754 2695 1849 2730; x_wconf 87' lang='lat' dir='ltr'>mihi</span> 
     </span>
     <span class='ocr_line' id='line_1_36' title="bbox 145 2722 1846 2795; baseline 0.001 -19"><span class='ocrx_word' id='word_1_336' title='bbox 145 2741 288 2787; x_wconf 84' lang='lat' dir='ltr'>fugisse</span> <span class='ocrx_word' id='word_1_337' title='bbox 313 2722 365 2785; x_wconf 88' lang='lat' dir='ltr'>H,</span> <span class='ocrx_word' id='word_1_338' title='bbox 390 2752 465 2776; x_wconf 87' lang='lat' dir='ltr'>non</span> <span class='ocrx_word' id='word_1_339' title='bbox 489 2741 553 2776; x_wconf 87' lang='lat' dir='ltr'>ille</span> <span class='ocrx_word' id='word_1_340' title='bbox 579 2741 719 2786; x_wconf 87' lang='lat' dir='ltr'>fugisse</span> <span class='ocrx_word' id='word_1_341' title='bbox 744 2740 838 2775; x_wconf 75' lang='lat' dir='ltr'>mihi</span> <span class='ocrx_word' id='word_1_342' title='bbox 863 2741 903 2776; x_wconf 88' lang='lat' dir='ltr'><em>D</em></span> <span class='ocrx_word' id='word_1_343' title='bbox 938 2743 950 2786; x_wconf 81' lang='grc' dir='ltr'>ΙΙ</span> <span class='ocrx_word' id='word_1_344' title='bbox 993 2745 1025 2776; x_wconf 87' lang='grc'>9.</span> <span class='ocrx_word' id='word_1_345' title='bbox 1052 2741 1281 2785; x_wconf 88' lang='lat' dir='ltr'>quaeruntur</span> <span class='ocrx_word' id='word_1_346' title='bbox 1306 2740 1356 2774; x_wconf 87' lang='lat' dir='ltr'><strong><em>M</em></strong></span> <span class='ocrx_word' id='word_1_347' title='bbox 1387 2742 1398 2785; x_wconf 85' lang='grc' dir='ltr'>ΙΙ</span> <span class='ocrx_word' id='word_1_348' title='bbox 1438 2745 1491 2776; x_wconf 95' lang='grc'>11.</span> <span class='ocrx_word' id='word_1_349' title='bbox 1518 2741 1753 2795; x_wconf 81' lang='lat' dir='ltr'>maximeque</span> <span class='ocrx_word' id='word_1_350' title='bbox 1779 2743 1846 2787; x_wconf 70' lang='lat' dir='ltr'>Dl,</span> 
     </span>
     <span class='ocr_line' id='line_1_37' title="bbox 145 2787 1847 2840; baseline 0.001 -17"><span class='ocrx_word' id='word_1_351' title='bbox 145 2788 373 2833; x_wconf 84' lang='lat' dir='ltr'>maximique</span> <span class='ocrx_word' id='word_1_352' title='bbox 399 2788 496 2832; x_wconf 85' lang='lat' dir='ltr'>MH,</span> <span class='ocrx_word' id='word_1_353' title='bbox 522 2793 555 2824; x_wconf 77' lang='lat' dir='ltr'>et</span> <span class='ocrx_word' id='word_1_354' title='bbox 579 2788 635 2823; x_wconf 85' lang='lat' dir='ltr'>D¹</span> <span class='ocrx_word' id='word_1_355' title='bbox 661 2800 705 2824; x_wconf 75' lang='lat' dir='ltr'>ex</span> <span class='ocrx_word' id='word_1_356' title='bbox 729 2799 820 2824; x_wconf 71' lang='lat' dir='ltr'>corr.</span> <span class='ocrx_word' id='word_1_357' title='bbox 841 2789 853 2833; x_wconf 87' lang='grc' dir='ltr'>ΙΙ</span> <span class='ocrx_word' id='word_1_358' title='bbox 875 2792 927 2823; x_wconf 94' lang='grc'>12</span> <span class='ocrx_word' id='word_1_359' title='bbox 954 2787 1277 2840; x_wconf 80' lang='lat' dir='ltr'>providendumst]</span> <span class='ocrx_word' id='word_1_360' title='bbox 1303 2787 1577 2832; x_wconf 87' lang='lat' dir='ltr'>prouidendum</span> <span class='ocrx_word' id='word_1_361' title='bbox 1604 2788 1653 2824; x_wconf 88' lang='lat' dir='ltr'>sit</span> <span class='ocrx_word' id='word_1_362' title='bbox 1678 2790 1733 2834; x_wconf 86' lang='lat' dir='ltr'>M,</span> <span class='ocrx_word' id='word_1_363' title='bbox 1764 2801 1847 2835; x_wconf 89' lang='lat' dir='ltr'>pro-</span> 
     </span>
     <span class='ocr_line' id='line_1_38' title="bbox 145 2817 1849 2880; baseline 0.001 -10"><span class='ocrx_word' id='word_1_364' title='bbox 145 2835 350 2871; x_wconf 89' lang='lat' dir='ltr'>uidendum</span> <span class='ocrx_word' id='word_1_365' title='bbox 381 2838 438 2871; x_wconf 89' lang='lat' dir='ltr'>est</span> <span class='ocrx_word' id='word_1_366' title='bbox 463 2817 544 2870; x_wconf 73' lang='lat' dir='ltr'>HD</span> <span class='ocrx_word' id='word_1_367' title='bbox 585 2838 596 2880; x_wconf 90' lang='grc' dir='ltr'>ΙΙ</span> <span class='ocrx_word' id='word_1_368' title='bbox 638 2846 684 2870; x_wconf 89' lang='lat' dir='ltr'>ne</span> <span class='ocrx_word' id='word_1_369' title='bbox 711 2846 806 2880; x_wconf 90' lang='lat' dir='ltr'>quae</span> <span class='ocrx_word' id='word_1_370' title='bbox 832 2836 932 2870; x_wconf 88' lang='lat' dir='ltr'>iusta</span> <span class='ocrx_word' id='word_1_371' title='bbox 957 2836 1018 2880; x_wconf 89' lang='lat' dir='ltr'>M,</span> <span class='ocrx_word' id='word_1_372' title='bbox 1056 2846 1176 2880; x_wconf 78' lang='lat' dir='ltr'>neque.</span> <span class='ocrx_word' id='word_1_373' title='bbox 1201 2834 1302 2869; x_wconf 84' lang='lat' dir='ltr'>iusta</span> <span class='ocrx_word' id='word_1_374' title='bbox 1327 2834 1386 2878; x_wconf 90' lang='lat' dir='ltr'>H,</span> <span class='ocrx_word' id='word_1_375' title='bbox 1424 2846 1544 2879; x_wconf 89' lang='lat' dir='ltr'>neque</span> <span class='ocrx_word' id='word_1_376' title='bbox 1576 2838 1618 2870; x_wconf 92' lang='lat' dir='ltr'>ut</span> <span class='ocrx_word' id='word_1_377' title='bbox 1648 2835 1750 2872; x_wconf 86' lang='lat' dir='ltr'>iusta</span> <span class='ocrx_word' id='word_1_378' title='bbox 1773 2837 1849 2875; x_wconf 90' lang='lat' dir='ltr'><em>D</em></span> <span class='ocrx_word' id='word_1_379' title='bbox 1838 2840 1849 2859; x_wconf 60' lang='lat'>1·</span> 
     </span>
     <span class='ocr_line' id='line_1_39' title="bbox 148 2876 1849 2927; baseline 0.001 -9"><span class='ocrx_word' id='word_1_380' title='bbox 148 2886 203 2919; x_wconf 88' lang='grc'>13.</span> <span class='ocrx_word' id='word_1_381' title='bbox 230 2894 269 2918; x_wconf 86' lang='lat' dir='ltr'>se</span> <span class='ocrx_word' id='word_1_382' title='bbox 301 2882 354 2918; x_wconf 90' lang='lat' dir='ltr'>sic</span> <span class='ocrx_word' id='word_1_383' title='bbox 379 2884 434 2925; x_wconf 82' lang='lat' dir='ltr'>M,</span> <span class='ocrx_word' id='word_1_384' title='bbox 461 2882 493 2918; x_wconf 89' lang='lat' dir='ltr'>si</span> <span class='ocrx_word' id='word_1_385' title='bbox 519 2883 572 2918; x_wconf 86' lang='lat' dir='ltr'>sic</span> <span class='ocrx_word' id='word_1_386' title='bbox 597 2883 650 2926; x_wconf 88' lang='lat' dir='ltr'>H,</span> <span class='ocrx_word' id='word_1_387' title='bbox 675 2894 714 2918; x_wconf 91' lang='lat' dir='ltr'>se</span> <span class='ocrx_word' id='word_1_388' title='bbox 741 2884 851 2927; x_wconf 68' lang='lat' dir='ltr'>(emp.)</span> <span class='ocrx_word' id='word_1_389' title='bbox 878 2882 931 2918; x_wconf 87' lang='lat' dir='ltr'>sic</span> <span class='ocrx_word' id='word_1_390' title='bbox 957 2894 994 2918; x_wconf 91' lang='lat' dir='ltr'>se</span> <span class='ocrx_word' id='word_1_391' title='bbox 1020 2883 1060 2917; x_wconf 89' lang='lat' dir='ltr'><strong><em>D</em></strong></span> <span class='ocrx_word' id='word_1_392' title='bbox 1095 2884 1130 2927; x_wconf 84' lang='grc' dir='ltr'>ΙΙ</span> <span class='ocrx_word' id='word_1_393' title='bbox 1147 2885 1189 2917; x_wconf 93' lang='grc'>19</span> <span class='ocrx_word' id='word_1_394' title='bbox 1214 2883 1252 2916; x_wconf 86' lang='lat' dir='ltr'>te</span> <span class='ocrx_word' id='word_1_395' title='bbox 1277 2881 1333 2925; x_wconf 89' lang='lat' dir='ltr'>M,</span> <span class='ocrx_word' id='word_1_396' title='bbox 1359 2893 1424 2916; x_wconf 84' lang='lat' dir='ltr'>om.</span> <span class='ocrx_word' id='word_1_397' title='bbox 1452 2882 1532 2916; x_wconf 85' lang='lat' dir='ltr'>HD</span> <span class='ocrx_word' id='word_1_398' title='bbox 1570 2884 1581 2927; x_wconf 75' lang='lat'>{1</span> <span class='ocrx_word' id='word_1_399' title='bbox 1622 2886 1677 2918; x_wconf 92' lang='lat'>21.</span> <span class='ocrx_word' id='word_1_400' title='bbox 1705 2887 1761 2919; x_wconf 88' lang='lat'>22.</span> <span class='ocrx_word' id='word_1_401' title='bbox 1787 2876 1849 2920; x_wconf 88' lang='lat' dir='ltr'>lit-</span> 
     </span>
     <span class='ocr_line' id='line_1_40' title="bbox 145 2910 1849 2976; baseline 0 -10"><span class='ocrx_word' id='word_1_402' title='bbox 145 2931 247 2966; x_wconf 85' lang='lat' dir='ltr'>teras</span> <span class='ocrx_word' id='word_1_403' title='bbox 272 2941 374 2966; x_wconf 89' lang='lat' dir='ltr'>meas</span> <span class='ocrx_word' id='word_1_404' title='bbox 401 2910 446 2965; x_wconf 79' lang='lat' dir='ltr'>H</span> <span class='ocrx_word' id='word_1_405' title='bbox 459 2932 471 2975; x_wconf 77' lang='grc' dir='ltr'>ΙΙ</span> <span class='ocrx_word' id='word_1_406' title='bbox 490 2934 546 2966; x_wconf 86' lang='grc'>22</span> <span class='ocrx_word' id='word_1_407' title='bbox 572 2912 678 2975; x_wconf 69' lang='lat' dir='ltr'>pothi</span> <span class='ocrx_word' id='word_1_408' title='bbox 704 2941 805 2965; x_wconf 90' lang='lat' dir='ltr'>eram</span> <span class='ocrx_word' id='word_1_409' title='bbox 831 2930 885 2975; x_wconf 91' lang='lat' dir='ltr'>M</span> <span class='ocrx_word' id='word_1_410' title='bbox 911 2932 1107 2975; x_wconf 88' lang='lat' dir='ltr'>potueram</span> <span class='ocrx_word' id='word_1_411' title='bbox 1132 2929 1214 2964; x_wconf 90' lang='lat' dir='ltr'>HD</span> <span class='ocrx_word' id='word_1_412' title='bbox 1231 2930 1243 2974; x_wconf 88' lang='grc' dir='ltr'>ΙΙ</span> <span class='ocrx_word' id='word_1_413' title='bbox 1269 2928 1466 2964; x_wconf 90' lang='lat' dir='ltr'>eiumentis</span> <span class='ocrx_word' id='word_1_414' title='bbox 1492 2929 1542 2964; x_wconf 85' lang='lat' dir='ltr'>M</span> <span class='ocrx_word' id='word_1_415' title='bbox 1561 2932 1573 2974; x_wconf 80' lang='grc' dir='ltr'>ΙΙ</span> <span class='ocrx_word' id='word_1_416' title='bbox 1599 2933 1655 2966; x_wconf 90' lang='lat'>23</span> <span class='ocrx_word' id='word_1_417' title='bbox 1683 2931 1849 2976; x_wconf 87' lang='lat' dir='ltr'>aquilam</span> 
     </span>
     <span class='ocr_line' id='line_1_41' title="bbox 147 2977 1849 3025; baseline 0.001 -12"><span class='ocrx_word' id='word_1_418' title='bbox 147 2977 287 3022; x_wconf 87' lang='lat' dir='ltr'>perisse</span> <span class='ocrx_word' id='word_1_419' title='bbox 312 2978 525 3013; x_wconf 88' lang='lat' dir='ltr'>nesciebam</span> <span class='ocrx_word' id='word_1_420' title='bbox 557 2978 637 3013; x_wconf 89' lang='lat' dir='ltr'>HD</span> <span class='ocrx_word' id='word_1_421' title='bbox 671 2979 874 3023; x_wconf 77' lang='lat' dir='ltr'>(praeterea</span> <span class='ocrx_word' id='word_1_422' title='bbox 900 2977 1071 3013; x_wconf 78' lang='lat' dir='ltr'>Canonie.</span> <span class='ocrx_word' id='word_1_423' title='bbox 1098 2980 1179 3020; x_wconf 84' lang='lat'>210,</span> <span class='ocrx_word' id='word_1_424' title='bbox 1218 2977 1337 3011; x_wconf 80' lang='lat' dir='ltr'>Paris.</span> <span class='ocrx_word' id='word_1_425' title='bbox 1367 2979 1457 3010; x_wconf 83' lang='grc'>7783</span> <span class='ocrx_word' id='word_1_426' title='bbox 1490 2978 1528 3012; x_wconf 90' lang='lat' dir='ltr'>et</span> <span class='ocrx_word' id='word_1_427' title='bbox 1560 2980 1673 3012; x_wconf 85' lang='grc'>14761</span> <span class='ocrx_word' id='word_1_428' title='bbox 1713 2979 1849 3025; x_wconf 77' lang='lat' dir='ltr'>aliique</span> 
     </span>
     <span class='ocr_line' id='line_1_42' title="bbox 148 3024 1848 3071; baseline 0.001 -11"><span class='ocrx_word' id='word_1_429' title='bbox 148 3025 252 3070; x_wconf 85' lang='lat' dir='ltr'>cod.),</span> <span class='ocrx_word' id='word_1_430' title='bbox 276 3037 342 3062; x_wconf 87' lang='lat' dir='ltr'>om.</span> <span class='ocrx_word' id='word_1_431' title='bbox 370 3026 424 3061; x_wconf 78' lang='lat' dir='ltr'>M</span> <span class='ocrx_word' id='word_1_432' title='bbox 475 3028 520 3069; x_wconf 84' lang='lat' dir='ltr'>cf.</span> <span class='ocrx_word' id='word_1_433' title='bbox 547 3026 592 3061; x_wconf 93' lang='lat' dir='ltr'>L.</span> <span class='ocrx_word' id='word_1_434' title='bbox 621 3026 763 3061; x_wconf 72' lang='lat' dir='ltr'>Gurlc&#39;tt</span> <span class='ocrx_word' id='word_1_435' title='bbox 784 3036 906 3071; x_wconf 76' lang='lat' dir='ltr'>proyr.</span> <span class='ocrx_word' id='word_1_436' title='bbox 934 3025 1090 3070; x_wconf 70' lang='lat' dir='ltr'>Steylz‘tz.</span> <span class='ocrx_word' id='word_1_437' title='bbox 1118 3027 1210 3059; x_wconf 87' lang='lat'>1888</span> <span class='ocrx_word' id='word_1_438' title='bbox 1231 3036 1269 3068; x_wconf 75' lang='lat'>1).</span> <span class='ocrx_word' id='word_1_439' title='bbox 1293 3027 1335 3057; x_wconf 85' lang='lat'>12</span> <span class='ocrx_word' id='word_1_440' title='bbox 1357 3026 1368 3067; x_wconf 86' lang='grc' dir='ltr'>ΙΙ</span> <span class='ocrx_word' id='word_1_441' title='bbox 1394 3027 1449 3058; x_wconf 84' lang='lat'>25.</span> <span class='ocrx_word' id='word_1_442' title='bbox 1478 3024 1679 3060; x_wconf 88' lang='lat' dir='ltr'>accersitus</span> <span class='ocrx_word' id='word_1_443' title='bbox 1709 3027 1756 3071; x_wconf 78' lang='grc' dir='ltr'><em>Ψ,</em></span> <span class='ocrx_word' id='word_1_444' title='bbox 1791 3037 1848 3062; x_wconf 89' lang='lat' dir='ltr'>ar-</span> 
     </span>
     <span class='ocr_line' id='line_1_43' title="bbox 149 3071 1848 3154; baseline 0.001 -48"><span class='ocrx_word' id='word_1_445' title='bbox 149 3071 305 3154; x_wconf 39' lang='lat' dir='ltr'>ces-{itus</span> <span class='ocrx_word' id='word_1_446' title='bbox 331 3083 353 3111; x_wconf 90' lang='grc' dir='ltr'>ς</span> <span class='ocrx_word' id='word_1_447' title='bbox 390 3075 403 3117; x_wconf 81' lang='grc' dir='ltr'>ΙΙ</span> <span class='ocrx_word' id='word_1_448' title='bbox 439 3077 496 3109; x_wconf 88' lang='grc'>28.</span> <span class='ocrx_word' id='word_1_449' title='bbox 521 3072 707 3118; x_wconf 88' lang='lat' dir='ltr'>pessimae</span> <span class='ocrx_word' id='word_1_450' title='bbox 733 3073 782 3108; x_wconf 88' lang='lat' dir='ltr'>M</span> <span class='ocrx_word' id='word_1_451' title='bbox 813 3073 826 3117; x_wconf 78' lang='lat' dir='ltr'>ss</span> <span class='ocrx_word' id='word_1_452' title='bbox 861 3075 917 3107; x_wconf 83' lang='grc'>29.</span> <span class='ocrx_word' id='word_1_453' title='bbox 944 3071 1034 3107; x_wconf 88' lang='lat' dir='ltr'>fecit</span> <span class='ocrx_word' id='word_1_454' title='bbox 1059 3071 1152 3117; x_wconf 91' lang='lat' dir='ltr'>HD,</span> <span class='ocrx_word' id='word_1_455' title='bbox 1183 3082 1249 3108; x_wconf 86' lang='lat' dir='ltr'>om.</span> <span class='ocrx_word' id='word_1_456' title='bbox 1277 3071 1326 3105; x_wconf 88' lang='lat' dir='ltr'>M</span> <span class='ocrx_word' id='word_1_457' title='bbox 1358 3073 1369 3116; x_wconf 87' lang='grc' dir='ltr'>ΙΙ</span> <span class='ocrx_word' id='word_1_458' title='bbox 1406 3074 1461 3106; x_wconf 90' lang='grc'>31.</span> <span class='ocrx_word' id='word_1_459' title='bbox 1489 3071 1656 3118; x_wconf 86' lang='lat' dir='ltr'>abripuit</span> <span class='ocrx_word' id='word_1_460' title='bbox 1684 3075 1731 3118; x_wconf 83' lang='grc' dir='ltr'><em>Ψ,</em></span> <span class='ocrx_word' id='word_1_461' title='bbox 1758 3074 1848 3109; x_wconf 86' lang='lat' dir='ltr'>arri-</span> 
     </span>
     <span class='ocr_line' id='line_1_44' title="bbox 149 3130 277 3163; baseline 0 0"><span class='ocrx_word' id='word_1_462' title='bbox 149 3130 214 3163; x_wconf 85' lang='lat' dir='ltr'>pm</span> <span class='ocrx_word' id='word_1_463' title='bbox 257 3131 277 3157; x_wconf 75' lang='grc' dir='ltr'><strong><em>ς</em></strong></span> 
     </span>
    </p>
   </div>
   <div class='ocr_carea' id='block_1_8' title="bbox 222 3182 1562 3217">
    <p class='ocr_par' dir='ltr' id='par_1_9' title="bbox 222 3182 1562 3217">
     <span class='ocr_line' id='line_1_45' title="bbox 222 3182 1562 3217; baseline 0.001 -6"><span class='ocrx_word' id='word_1_464' title='bbox 222 3184 284 3211; x_wconf 76' lang='lat' dir='ltr'>th.</span> <span class='ocrx_word' id='word_1_465' title='bbox 303 3193 349 3217; x_wconf 81' lang='lat' dir='ltr'>ep.</span> <span class='ocrx_word' id='word_1_466' title='bbox 368 3186 414 3212; x_wconf 88' lang='lat' dir='ltr'>ed.</span> <span class='ocrx_word' id='word_1_467' title='bbox 434 3186 711 3213; x_wconf 81' lang='lat' dir='ltr'>Mendelssohn.</span> <span class='ocrx_word' id='word_1_468' title='bbox 1519 3182 1562 3213; x_wconf 83' lang='grc'>19</span> 
     </span>
    </p>
   </div>
  </div>
 </body>
</html>
