2242 3496
385 541 398 570 1

422 200 447 240 8
1021 193 1068 227 Μ.
1095 190 1235 226 TVLLI
1261 187 1510 224 CICERONJS

1156 332 1229 374 vi.
1276 330 1382 388 (29.)

686 432 771 485 <M
806 429 1012 471 01011110
1047 428 1086 470 8.
1120 427 1171 469 D.
1202 427 1248 468 P.
1281 426 1557 468 LENTVLO
1591 426 1855 482 PRooos>

542 530 658 578 Quae
691 527 909 581 gerantur,
941 522 1125 577 accipies
1159 537 1209 563 ex
1235 522 1444 575 Pollione,
1475 521 1547 575 qui
1584 522 1784 563 omnibus
1815 525 2002 579 negotiis
2035 539 2123 565 11011

423 599 620 640 interfuit
653 597 809 648 solum,
852 594 924 635 sed
956 593 1157 648 praefuit.
1220 608 1286 634 me
1318 592 1363 633 in
1395 607 1562 633 summo
1596 592 1760 646 dolore,
1799 607 1925 647 quem
1957 595 2002 635 in
2034 595 2121 636 tuis

421 671 548 711 rebus
583 668 724 721 capio,
764 665 947 706 maxime
988 664 1153 706 scilicet
1185 664 1433 705 consolatur
1472 677 1587 717 spes,
1627 663 1740 717 quod
1773 664 1895 705 valde
1928 665 2124 718 suspicor

422 740 529 792 fore,
571 740 618 778 ut
660 735 924 790 infringatur
960 734 1185 776 hominum
1224 733 1482 788 improbitas
1516 736 1559 774 et
1592 733 1783 775 consiliis
1817 737 1990 775 tuorum
2023 735 2124 776 ami-

423 824 570 851 corum
609 811 652 848 et
690 807 785 861 ipsa
824 806 907 861 die,
953 820 1060 860 quae
1106 804 1306 846 debilitat
1350 804 1638 858 cogitationes
1684 807 1727 846 et
1771 804 2044 846 inimicorum
2082 808 2126 846 et

423 879 694 935 proditorum
732 880 925 930 tuorum3
963 876 1089 918 facile
1132 876 1317 917 secundo
1356 875 1451 917 1000
1490 890 1557 916 me
1596 875 1843 917 consola-tur
1882 876 2124 917 recordatio

424 965 617 991 meorum
655 953 917 1003 temporum,
960 961 1142 1001 quorum
1182 946 1417 1001 imaginem
1456 946 1578 987 video
1616 946 1662 987 in
1699 946 1826 987 rebus
1866 946 1971 1001 tuis,
2013 962 2126 1001 nam,

423 1021 504 1062 etsi
537 1021 701 1061 minore
734 1019 779 1060 in
810 1034 855 1060 re
888 1018 1075 1059 violatur
1100 1021 1176 1058 tua
1202 1017 1405 1072 dignitaS,
1437 1031 1566 1071 quam
1591 1031 1685 1058 mea
1719 1017 1948 1072 adflictast,
1980 1020 2127 1060 tamen

424 1095 490 1134 est
511 1094 634 1133 tanta
655 1090 907 1144 similitudo,
933 1092 982 1129 ut
1009 1103 1177 1143 sperem
1196 1090 1239 1129 te
1261 1088 1368 1129 mihi
1386 1087 1624 1142 ignoscere,
1651 1087 1687 1128 si
1713 1102 1763 1129 ea
1788 1102 1876 1129 non
1897 1088 2128 1142 timuerim,

423 1178 530 1218 quae
563 1177 615 1202 ne
648 1164 696 1202 tu
730 1160 901 1215 quidem
934 1174 1140 1214 umquam
1173 1159 1364 1200 timenda
1396 1158 1569 1200 (luxisti.
1625 1157 1707 1200 Sed
1740 1161 1914 1213 praesta
1944 1161 1987 1200 te
2020 1174 2129 1214 eum,

424 1234 497 1288 qui
535 1233 642 1274 mihi
663 1247 704 1272 >a
742 1231 920 1285 teneris,
961 1234 1009 1272 ut
1048 1230 1202 1271 Graeci
1240 1229 1405 1284 dicunt,
1445 1228 1689 1285 unguiculis
1729 1244 1772 1270 es
1812 1229 2031 1284 cognitus:
2069 1230 2127 1271 in-

391 1303 646 1353 .lustrabit,
685 1302 792 1343 mihi
831 1303 970 1356 crede,
1009 1304 1130 1342 tuam
1163 1301 1492 1355 amplitudinem
1529 1300 1754 1341 hominum
1785 1299 1954 1342 iniuria.
2005 1315 2030 1342 a
2061 1315 2129 1342 me

391 2394 410 2423 t&

424 1376 567 1417 omnia
605 1389 773 1416 summa
810 1373 854 1414 in
892 1376 934 1414 te
968 1373 1111 1414 studia
1150 1372 1378 1426 officiaque
1415 1374 1610 1426 expecta:
1648 1386 1735 1413 non
1772 1371 1923 1412 fallam
1962 1371 2127 1426 opinio-

426 1462 523 1488 nem
556 1449 689 1488 tuam.

1152 1549 1248 1591 vn.
1294 1547 1402 1606 (31.)

690 1646 775 1700 <M.
809 1645 1018 1688 CICERO
1055 1644 1094 1686 s,
1128 1644 1179 1686 D.
1211 1644 1257 1687 P.
1290 1643 1566 1685 LENTVLO
1600 1642 1866 1697 Ρ110008.>

548 1742 654 1797 Legi
681 1745 776 1783 tuas
803 1742 988 1795 litteras,
1022 1740 1178 1795 quibus
1211 1740 1264 1781 ad
1296 1754 1363 1781 me
1392 1739 1544 1780 scribis
1572 1741 1746 1793 gratum
1774 1739 1854 1780 tibi
1881 1754 1986 1793 esse,
2019 1740 2132 1794 quod

427 1814 578 1855 crebro
619 1813 776 1854 certior
820 1827 896 1866 per
940 1827 1008 1854 me
1054 1811 1132 1852 fias
1172 1811 1222 1852 de
1268 1810 1468 1851 omnibus
1513 1810 1641 1851 rebus
1684 1813 1726 1851 et
1765 1825 1905 1851 meam
1949 1824 2053 1866 erga
2090 1813 2132 1852 te

426 1884 775 1925 benevolentiam
807 1883 932 1924 facile
966 1882 1219 1937 perspicias:
1260 1896 1442 1936 quorum
1475 1881 1660 1922 alterum
1692 1880 1817 1936 mihi,
1849 1883 1898 1922 ut
1931 1883 1972 1922 te
2004 1881 2135 1935 pluri-

428 1971 545 1997 mum
578 1955 770 2009 diligam,
802 1954 942 1995 facere
974 1968 1147 1995 necesse
1181 1955 1260 2008 est,
1293 1952 1328 1993 si
1362 1952 1458 1993 volo
1492 1952 1528 1993 is
1562 1966 1666 2005 esse,
1701 1966 1828 2005 quem
1861 1954 1910 1992 tu
1941 1967 2009 1993 me
2041 1966 2134 1993 esse

428 2025 625 2081 voluisti,
667 2025 852 2066 alterum
884 2024 995 2066 facio
1027 2024 1234 2078 libenter,
1266 2026 1333 2076 ut,
1367 2022 1571 2077 quoniam
1602 2022 1831 2064 intervallo
1864 2022 2059 2064 locorum
2091 2026 2135 2064 et

429 2100 674 2151 temporum
708 2095 889 2137 diiuncti
923 2110 1085 2151 sumus,
1115 2109 1192 2150 per
1223 2095 1392 2136 litteras
1425 2097 1568 2136 tecum
1595 2109 1725 2148 quam
1752 2093 2003 2148 saepissime
2036 2108 2132 2135 con-

428 2169 593 2221 loquar.
658 2167 771 2222 quod
810 2167 845 2208 si
877 2166 1016 2207 rarius
1054 2166 1147 2220 fiet,
1190 2180 1319 2220 quam
1357 2168 1406 2206 tu
1444 2164 1733 2219 exspectabis,
1770 2164 1813 2205 id
1851 2164 1934 2206 erit
1972 2179 2137 2219 causae,

431 2239 545 2292 quod
582 2253 670 2279 non
708 2238 798 2278 eius
833 2237 1002 2292 generis
1040 2251 1159 2278 meae
1191 2237 1362 2277 litterae
1404 2239 1522 2291 sunt,
1562 2239 1611 2277 ut
1649 2250 1720 2277 eas
1760 2235 1939 2277 audeam
1976 2238 2137 2277 temere

432 2310 720 2351 committere:
755 2308 954 2362 quotiens
987 2307 1094 2349 mihi
1127 2310 1343 2349 certorum
1374 2307 1598 2348 hominum
1624 2309 1819 2361 potestas
1853 2306 1947 2361 erit,
1980 2306 2138 2360 quibus

432 2382 547 2421 recte
579 2380 693 2434 dem,
731 2393 818 2420 non
849 2378 1207 2433 praetermittam.
1271 2378 1382 2432 quod
1422 2378 1530 2419 scire
1567 2377 1651 2432 vis,
1690 2392 1774 2431 qua
1806 2376 1986 2431 quisque
2018 2377 2064 2418 in
2095 2379 2138 2418 te

432 2451 514 2491 fide
553 2451 610 2492 sit
648 2453 691 2491 et
734 2450 977 2504 voluntate,
1022 2449 1197 2491 difficile
1242 2449 1359 2490 dictu
1404 2451 1471 2490 est
1514 2449 1564 2490 de
1610 2447 1810 2504 singulis:
1855 2462 1987 2489 unum
2031 2447 2138 2489 illud

434 2521 580 2575 audeo,
602 2521 727 2575 ,quod
761 2524 888 2562 antea
920 2519 1002 2562 tibi
1035 2535 1161 2574 saepe
1195 2519 1456 2575 significavi,
1488 2533 1600 2561 nunc
1634 2533 1802 2573 quoque
1835 2533 1879 2560 re
1911 2521 2139 2573 perspecta

551 2678 583 2708 ⁶2.
604 2674 877 2717 inscriptionem
897 2684 961 2707 om.
984 2672 1065 2706 MR
1085 2673 1338 2716 (consequare.
1362 2672 1375 2717 s
1394 2671 1437 2706 V.
1459 2682 1555 2715 quae
1576 2671 1636 2716 R).
1675 2670 1824 2705 Marcus
1845 2669 1990 2704 Tullius
2012 2669 2139 2704 Cicero

436 2721 594 2754 salutem
620 2720 776 2754 Lentulo
802 2719 1015 2764 proconsuli
1039 2720 1071 2755 G
1089 2722 1101 2762 ΙΙ
1121 2724 1151 2754 3.
1175 2719 1276 2761 Quae
1293 2740 1333 2744 —
1350 2718 1522 2753 omnibus
1551 2720 1589 2753 in
1615 2719 1663 2753 M
1684 2719 1873 2754 rubricata
1891 2720 1903 2760 ΙΙ
1921 2721 1953 2752 4.
1981 2716 2137 2761 intuis]

436 2779 478 2801 ex
505 2767 579 2801 tuis
606 2768 826 2807 Lambinus,
858 2766 933 2800 tuis
960 2768 1181 2812 lVesenbery.
1209 2768 1252 2810 cf.
1280 2766 1396 2801 Ruete
1424 2766 1602 2810 ‘Corresp
1633 2766 1719 2801 Cic?
1753 2767 1852 2810 (diss.
1880 2764 2003 2799 Μηνὶ).
2032 2765 2139 2809 1883)

431 2828 468 2858 J».
492 2819 558 2848 110
578 2816 589 2857 Η
609 2818 639 2849 5.
668 2813 776 2858 cupio
801 2814 870 2848 GR
890 2816 901 2857 ΙΙ
921 2818 951 2848 6,
979 2813 1206 2858 infringatur
1231 2825 1274 2848 ex
1299 2813 1502 2858 infrigatur
1527 2825 1618 2849 corr.
1640 2813 1706 2847 1110
1724 2814 1736 2856 [Ι
1757 2817 1786 2847 7.
1808 2812 1919 2856 quae]
1942 2822 2014 2854 que
2034 2811 2116 2846 MG
2138 2814 2140 2853 1

439 2866 493 2895 1¹).
521 2861 673 2895 adflicta
700 2862 756 2895 est
790 2861 990 2903 Victorius,
1023 2872 1054 2896 a.
1083 2860 1132 2894 sit
1158 2863 1192 2894 Ω
1228 2862 1283 2905 (in
1311 2862 1358 2894 M
1383 2860 1433 2894 sit
1457 2862 1586 2894 tamen
1610 2872 1654 2896 ex
1681 2859 1711 2894 si
1737 2860 1864 2893 tamen
1889 2870 1980 2894 corr.
2007 2869 2051 2893 m.
2080 2859 2115 2902 1)
2130 2858 2141 2890 ἶ1

439 2912 492 2941 12.
514 2910 550 2942 te
571 2920 636 2943 om.
661 2908 732 2943 GR
752 2910 762 2952 ΙΙ
785 2912 836 2942 13.
859 2907 960 2952 greci
981 2908 1061 2943 MG
1081 2910 1091 2951 Η
1112 2907 1261 2952 ungulis
1285 2908 1318 2943 G
1336 2909 1347 2952 ΙΙ
1366 2909 1420 2952 es]
1446 2909 1502 2942 est
1522 2909 1556 2941 Ω
1581 2909 1636 2952 (in
1654 2907 1702 2941 M
1723 2907 1740 2939 t
1764 2917 1868 2940 erasa
1892 2910 1943 2941 est
1968 2906 2029 2941 sed
2048 2906 2140 2940 lecta

439 2966 461 2987 (ιἸ
482 2955 525 2995 Ρ,
552 2957 589 2988 iu
610 2956 645 2989 R
674 2967 745 2989 maa
773 2956 841 2989 litt.
863 2959 946 2988 ante
967 2956 1023 2988 est
1042 2957 1160 2998 erasa)
1181 2958 1191 2999 ΙΙ
1214 2958 1266 2990 18.
1289 2956 1559 3000 inscriptionem
1582 2965 1647 2989 om.
1669 2953 1749 2987 MR
1775 2952 2004 2997 (opinionem
2022 2954 2138 2987 tuam.

441 3001 453 3045 [
475 3001 533 3035 VI.
561 3002 651 3046 Legi
666 3004 726 3046 R).
753 3002 900 3036 Marcus
921 3001 1065 3034 Tullius
1087 3001 1212 3036 Cicero
1240 3002 1305 3036 sal.
1328 3001 1398 3037 dic.
1419 3001 1577 3036 Lentulo
1597 2999 1814 3034 Proconsuli
1836 3000 1870 3035 G
1887 3001 1899 3044 ΙΙ
1921 3003 1974 3035 19.
1988 2999 2139 3044 Legi—

440 3047 511 3080 tibi
539 3049 575 3082 in
597 3050 644 3082 M
667 3050 851 3084 rubricata
870 3051 881 3092 ΙΙ
900 3048 1047 3082 litteras
1073 3049 1157 3082 tuas
1181 3050 1213 3084 G
1232 3051 1244 3092 ΙΙ
1264 3053 1318 3083 21.
1339 3047 1633 3083 beniuolentiam
1656 3047 1736 3090 GR,
1765 3048 1860 3091 quod
1885 3047 2043 3091 amplius
2067 3057 2142 3081 own

441 3096 627 3128 notabitur
646 3098 656 3136 Η
678 3100 731 3130 22.
752 3096 783 3129 18
804 3108 847 3130 esc
872 3095 930 3129 his
949 3096 1110 3130 radendo
1133 3096 1180 3128 M
1197 3098 1207 3139 11
1228 3100 1281 3130 24.
1304 3095 1483 3130 disiuncti
1499 3095 1569 3130 GR
1589 3098 1599 3137 ΙΙ
1620 3098 1673 3128 25.
1695 3094 1814 3128 rarius
1829 3094 1885 3139 M,
1906 3093 2027 3128 minus
2045 3093 2116 3130 GR
2129 3093 2141 3139 Η

443 3143 497 3175 29.
526 3140 629 3175 dictu
655 3142 740 3176 ΒΜ
761 3143 835 3187 (Ml
861 3155 904 3177 eae
931 3142 1097 3187 dictum),
1124 3141 1264 3176 dictum
1295 3143 1327 3177 G

2148 1030 2182 1053 10

2150 1383 2183 1408 15

2154 1828 2188 1852 20

2157 2182 2190 2208 25

2157 2537 2192 2562 30
