2242 3496
393 126 475 166 178
987 119 1035 154 M.
1063 117 1203 153 TVLLI
1229 115 1479 152 CICERONIS

390 232 533 274 citatis
573 246 663 272 esse
702 231 875 284 putant,
913 227 1096 268 alterum
1133 226 1264 267 etiam
1302 225 1509 279 turpioris
1548 224 1916 281 intemperantiae.
1970 241 2081 268 sane

389 303 669 355 δυσεντερίαι)
706 299 1029 353 pertimueram3
1075 297 1146 337 sed
1184 295 1277 337 visa
1318 298 1384 337 est
1422 295 1529 336 mihi
1566 296 1634 337 vel
1675 297 1760 339 loci
1798 297 1982 338 mutatio
2016 298 2081 338 vel

388 372 519 413 animi
558 371 686 411 etiam
726 367 932 409 relaxatio
971 366 1039 408 vel
1077 367 1172 421 ipsa
1210 366 1395 408 fortasse
1433 366 1521 407 iam
1553 368 1815 409 senescentis
1849 368 1989 409 morbi
2020 382 2081 409 re-

340 454 358 483 2
386 443 533 483 missio
564 439 786 494 profuisse.
844 453 892 479 ac
924 440 1087 491 tamen,
1119 452 1171 478 ne
1204 437 1377 491 mirere,
1408 437 1518 478 unde
1555 437 1637 479 hoc
1670 437 1872 480 acciderit
1904 453 2082 493 quomo-

386 514 490 553 dove
524 508 826 561 commiserim,
865 508 933 549 lex
966 508 1251 562 sumptuaria,
1294 522 1403 561 quae
1436 507 1606 549 videtur
1638 510 1839 563 λιτότητα
1871 509 2081 563 attulisse,
2118 523 2134 547 5

385 597 432 623 ea
466 580 569 622 mihi
602 579 740 620 fraudi
773 578 867 620 fuit.
929 593 1046 632 nam,
1085 578 1185 619 dum
1224 578 1376 619 volunt
1414 578 1488 619 isti
1528 579 1637 620 lauti
1669 581 1786 620 terra
1816 582 1936 634 nata,
1975 595 2082 635 quae

384 653 475 706 lege
510 652 685 704 excepta
719 651 837 703 sunt,
869 649 912 690 in
945 649 1153 690 honorem
1186 649 1412 704 adducere,
1450 649 1626 705 fungos,
1663 650 1888 706 helvellas,
1925 651 2082 692 herbas

385 722 521 763 omnis
555 721 615 761 ita
649 719 871 774 condiunt,
909 722 958 761 ut
995 719 1105 760 nihil
1137 718 1277 774 possit
1310 734 1402 761 esse
1436 720 1627 762 suavius:
1670 720 1716 762 in
1749 736 1820 763 eas
1854 736 1951 763 cum
1982 722 2083 764 inci-

383 793 539 833 dissem
567 792 610 831 in
639 805 742 832 cena
768 789 967 846 augurali
993 790 1106 845 apud
1133 789 1378 845 Lentulum,
1411 794 1535 832 tanta
1562 807 1628 833 me
1657 791 1861 847 διάρροια
1887 792 2083 847 arripuit,

380 865 428 904 ut
470 861 595 902 hodie
639 860 824 915 primum
872 861 1068 903 videatur
1113 861 1303 916 coepisse
1347 862 1595 904 consistere.
1658 863 1720 904 ita
1763 877 1859 918 ego,
1903 863 1977 918 qui
2014 878 2135 906 111010

381 932 533 975 ostreis
573 934 615 973 et
654 932 843 973 murenis
883 932 1008 974 facile
1047 932 1338 988 abstinebam,
1377 948 1402 974 a
1433 933 1534 974 beta
1566 936 1610 975 et
1642 949 1666 975 a
1698 934 1840 976 malva
1878 934 2081 989 deceptus

381 1018 492 1056 sum,
534 1002 716 1057 posthac
749 1003 885 1058 igitur
917 1003 1076 1044 erimus
1111 1003 1336 1046 cautiores.
1400 1007 1448 1045 tu
1480 1007 1636 1060 tamen,
1671 1020 1767 1047 cum
1802 1005 1994 1047 audisses
2028 1005 2082 1047 ab

380 1073 532 1115 Anicio
567 1098 620 1102 ——
654 1072 763 1114 vidit
795 1074 909 1115 enim
942 1089 1009 1115 me
1042 1078 1324 1117 nauseantem
1359 1100 1431 1130 ——,
1469 1090 1556 1117 non
1596 1076 1722 1118 modo
1756 1076 1955 1118 mittendi
1989 1091 2082 1118 cau-

381 1161 472 1187 sam
506 1146 665 1186 iustam
697 1144 905 1200 habuisti,
937 1145 1010 1187 sed
1044 1146 1176 1187 etiam
1208 1145 1389 1188 visendi:
1425 1160 1504 1202 ego
1531 1146 1601 1189 hic
1635 1146 1778 1203 cogito
1812 1147 2082 1202 commorari,

381 1217 520 1272 quoad
553 1231 619 1257 me
653 1216 862 1272 reficiam,
899 1231 999 1258 nam
1032 1219 1074 1258 et
1106 1217 1210 1258 viris
1245 1220 1287 1258 et
1321 1232 1475 1272 corpus
1509 1218 1653 1273 amisi,
1691 1218 1782 1274 sed,
1814 1219 1851 1260 si
1882 1219 2082 1260 morbum
2103 1233 2136 1258 15

380 1287 594 1341 depulero,
626 1286 764 1342 facile,
797 1289 846 1328 ut
879 1302 1017 1342 spero,
1050 1288 1127 1330 illa
1159 1289 1382 1330 revocabo.

1061 1441 1242 1484 XXVII.
1289 1440 1397 1499 (70.)

874 1548 932 1590 M.
966 1546 1179 1591 CICERO
1221 1548 1261 1591 s.
1295 1549 1344 1590 D.
1380 1548 1584 1591 GALLO.

338 1656 352 1685 1
498 1642 646 1698 Miror,
679 1658 753 1685 cur
785 1658 852 1684 me
886 1657 1073 1698 accuses,
1110 1659 1207 1686 cum
1240 1643 1320 1686 tibi
1353 1645 1396 1685 id
1428 1644 1569 1687 facere
1600 1660 1688 1687 non
1719 1645 1866 1700 liceat3
1906 1647 2020 1701 quod
2046 1647 2082 1688 si

380 1715 541 1769 liceret,
575 1718 721 1756 tamen
753 1728 838 1756 non
866 1715 1064 1756 debebas.
1117 1708 1213 1771 eego
1242 1716 1355 1757 enim
1381 1718 1424 1757 te
1450 1715 1493 1757 in
1522 1717 1749 1758 consulatu
1777 1717 2083 1772 observaram',
2102 1730 2136 1755 20

381 1788 423 1827 et
456 1786 517 1827 ais
551 1785 654 1840 fore,
686 1789 735 1827 ut
761 1788 803 1827 te
831 1784 990 1828 Caesar
1015 1787 1231 1828 restituat.
1293 1787 1432 1828 multa
1463 1790 1512 1828 tu
1545 1788 1717 1842 quidem
1749 1788 1867 1842 dicis,
1900 1789 1974 1830 sed
1999 1789 2082 1829 tibi

379 1872 504 1898 nemo
538 1857 684 1899 credit.
747 1857 1020 1899 tribunatum
1052 1857 1194 1912 plebei
1227 1857 1333 1900 dicis
1361 1861 1403 1900 te
1431 1872 1525 1900 mea
1552 1874 1679 1901 causa
1704 1859 1883 1914 petisse:
1915 1859 2083 1901 utinam

381 1943 548 1982 semper
592 1943 705 1970 esses
750 1928 970 1970 tribunus!
1021 1929 1352 1972 intercessorem
1397 1945 1483 1972 non
1528 1944 1764 1985 quaereres.
1837 1944 1970 1986 negas
2014 1945 2082 1972 me

381 2000 551 2053 audere,
591 2000 703 2054 quod
736 1999 938 2054 sentiam,
978 2000 1134 2041 dicere:
1175 2001 1297 2054 quasi
1329 2001 1429 2055 tibi,
1468 2016 1563 2042 cum
1601 2001 1874 2056 impudenter
1910 2016 1978 2042 me
2017 2015 2083 2042 ro-

331 2081 350 2110 2
381 2085 521 2126 gares,
562 2085 714 2125 parum
744 2070 920 2111 fortiter
952 2071 1258 2125 responderim.
1320 2071 1425 2113 haec
1458 2072 1541 2113 tibi
1574 2072 1745 2126 scripsi,
1783 2075 1833 2113 ut
1869 2072 1954 2114 isto
1985 2071 2080 2127 ipso
2102 2085 2136 2111 25

379 2142 424 2182 in
449 2155 617 2197 genere,
649 2141 693 2182 in
720 2155 803 2195 quo
832 2141 995 2196 aliquid
1021 2157 1148 2196 posse
1175 2142 1253 2196 vis,
1284 2145 1327 2184 te
1352 2143 1462 2184 nihil
1496 2157 1589 2184 esse
1623 2157 1916 2198 cognosceres.
1967 2144 2081 2198 quod

381 2212 416 2253 si
448 2212 693 2253 humaniter
725 2227 893 2254 mecum
925 2216 1104 2267 questus
1138 2228 1272 2268 esses,
1313 2213 1499 2255 libenter
1537 2213 1618 2255 tibi
1650 2229 1718 2255 me
1751 2217 1794 2255 et
1825 2213 1952 2256 facile
1983 2229 2081 2269 pur-

380 2296 567 2337 gassem3
600 2298 687 2325 non
721 2282 833 2324 enim
866 2283 1039 2339 ingrata
1071 2284 1177 2325 mihi
1212 2288 1329 2341 sunt,
1361 2300 1468 2339 quae
1500 2285 1660 2340 fecisti,
1693 2285 1777 2340 sed,
1810 2300 1918 2340 quae
1951 2285 2081 2340 scrip-

380 2353 492 2407 sisti,
541 2355 734 2395 molesta.
797 2369 863 2396 me
903 2358 1066 2410 autem,
1110 2359 1288 2410 propter
1327 2371 1453 2411 quem
1493 2356 1625 2398 ceteri
1662 2356 1789 2397 liberi
1833 2359 1954 2410 sunt,
1992 2356 2080 2397 tibi

381 2424 563 2465 liberum
594 2440 681 2466 non
712 2426 852 2467 visum
884 2427 1088 2482 demiror,
1126 2442 1239 2481 nam,
1272 2427 1309 2468 si
1340 2427 1451 2469 falsa
1482 2427 1668 2482 fuerunt,
1701 2442 1809 2482 quae
1842 2430 1890 2468 tu
1916 2428 1968 2468 ad
1999 2442 2079 2482 me,
2100 2441 2134 2466 30

379 2498 428 2535 ut
456 2495 530 2549 ais,
557 2495 797 2551 edetulisti',
831 2498 933 2551 quid
958 2498 1040 2539 tibi
1067 2512 1146 2553 ego
1174 2499 1337 2540 debeo?
1371 2501 1407 2539 si
1434 2513 1547 2554 vera,
1578 2501 1626 2540 tu
1653 2513 1697 2539 es
1724 2497 1914 2553 optimus
1942 2498 2080 2553 testis,

382 2565 482 2618 quid
515 2566 622 2607 mihi
652 2582 693 2622 p.
726 2567 774 2609 R.
809 2568 972 2610 debeat.

498 2696 528 2728 3.
557 2694 780 2729 senescentis
807 2696 928 2739 Melz,
957 2699 1190 2732 senescentes
1216 2698 1289 2741 Ml,
1317 2697 1476 2733 senescis
1500 2698 1533 2734 G
1553 2699 1564 2743 ΙΙ
1583 2701 1615 2733 4.
1643 2699 1811 2733 attamen
1836 2708 1857 2735 ς
1876 2699 1888 2742 ΙΙ
1907 2700 1938 2732 5.
1966 2699 2078 2732 λειτο-

382 2752 471 2783 τητα
497 2742 530 2774 ,Ω
549 2742 559 2784 ΙΙ
581 2746 611 2776 6.
638 2741 733 2776 lauti
758 2744 858 2777 terra
883 2745 974 2778 nata
1001 2755 1096 2788 quae
1123 2746 1183 2789 M,
1216 2745 1311 2780 lauti
1344 2747 1440 2780 terre
1472 2747 1563 2780 nata
1588 2756 1659 2790 que
1686 2746 1736 2789 G,
1771 2744 2078 2780 lauticerrenata-

382 2797 451 2829 que
477 2787 512 2822 R
545 2789 555 2832 Η
589 2791 618 2823 7.
645 2789 827 2824 heluellas
854 2791 907 2833 M,
935 2791 996 2825 uel
1020 2791 1115 2826 uiles
1145 2793 1216 2828 GR
1247 2795 1258 2837 Η
1290 2798 1321 2828 9.
1349 2795 1508 2838 διαγργα
1528 2793 1588 2837 M,
1626 2793 1698 2828 GR
1725 2803 1861 2837 quoque
1886 2794 2048 2837 corrupta?
2068 2795 2079 2837 'J

384 2836 436 2866 10.
462 2834 572 2869 hodie
598 2837 652 2880 M,
680 2847 722 2871 eo
749 2837 808 2871 die
838 2838 909 2872 GR
941 2840 952 2882 Η
983 2838 1110 2883 itaque
1139 2841 1171 2875 G
1203 2842 1214 2885 Η
1247 2845 1300 2875 11.
1328 2840 1489 2875 murenis
1516 2841 1577 2884 M,
1609 2839 1745 2874 mureis
1773 2840 1823 2883 G,
1859 2839 1985 2873 mullis
2011 2840 2069 2883 R,

383 2883 435 2914 13.
463 2881 541 2915 uidi
566 2883 602 2916 te
628 2895 730 2918 naus.
761 2885 794 2919 G
813 2886 824 2929 Η
842 2895 901 2918 1110
927 2897 993 2920 om.
1020 2887 1056 2921 R
1076 2889 1087 2929 ΙΙ
1116 2891 1167 2922 14.
1196 2887 1334 2922 iustam
1360 2889 1415 2931 M,
1440 2887 1554 2922 istam
1580 2887 1652 2922 GR
1671 2887 1682 2931 ΙΙ
1703 2890 1756 2922 15.
1785 2885 1895 2921 amisi
1921 2887 1987 2921 sed
2012 2888 2078 2921 Mc

381 2937 423 2960 ca:
456 2928 548 2961 amis
581 2930 645 2963 sed
675 2933 685 2975 ΙΙ
720 2934 772 2965 18.
800 2932 847 2966 M.
882 2943 946 2967 om.
976 2934 1009 2967 G
1040 2935 1051 2977 ΙΙ
1083 2938 1138 2970 20.
1173 2935 1270 2969 enim
1302 2947 1368 2970 om.
1397 2936 1430 2970 G
1461 2937 1472 2979 ΙΙ
1503 2936 1540 2968 te
1567 2933 1747 2980 (inquis)
1779 2933 1818 2967 in
1844 2934 2049 2969 Lambinus
2066 2934 2078 2981 Η

381 2976 435 3007 21.
470 2976 504 3007 te
537 2988 601 3011 om.
637 2978 707 3012 GR
745 2980 756 3022 11
793 2978 982 3023 restituat,
1022 2981 1085 3015 ult.
1119 2983 1135 3015 t
1165 2983 1249 3025 fort.
1277 2994 1320 3017 eoe
1344 2994 1362 3015 r
1387 2995 1431 3017 m.
1462 2986 1497 3025 1,
1526 2981 1576 3025 G,
1611 2980 1808 3015 restituast
1833 2981 1869 3016 R
1906 2982 1918 3026 H
1955 2982 1996 3016 tu
2021 2982 2077 3025 111,

381 3021 433 3102 ἓῖι
449 3021 519 3102 GBI}
544 3025 555 3066 Η
580 3027 634 3058 22.
662 3024 853 3059 tribunum
878 3027 912 3060 Ω
937 3028 947 3070 ΙΙ
973 3030 1028 3062 27.
1056 3039 1113 3062 1110
1140 3029 1211 3064 tibi
1239 3030 1271 3065 G
1292 3032 1302 3074 ΙΙ
1332 3033 1386 3064 30,
1414 3029 1562 3063 fuerunt
1588 3028 1680 3072 MR,
1708 3029 1794 3063 sunt
1820 3029 1854 3064 G
1873 3029 1884 3072 ΙΙ
1904 3032 1959 3064 32.
1987 3028 2077 3073 quid
