2242 3496
104 935 136 959 10

101 1288 132 1313 15

93 2469 126 2493 30

639 177 978 212 EPISTVLARVM
1005 178 1046 212 x.
1077 181 1128 212 18,
1158 180 1210 211 19.
1238 180 1292 211 80,
1321 180 1375 210 01.
1769 174 1852 214 259

161 298 284 338 posse
324 298 400 325 nec
440 284 569 337 vinci,
608 300 788 339 quorum
828 286 1004 327 alterius
1043 285 1215 326 fortuna
1256 287 1421 338 partem
1457 282 1590 324 habet
1628 282 1855 336 quandam,

158 354 343 395 alterum
375 354 594 408 proprium
630 359 696 395 est
729 356 978 409 prudentiae
1006 360 1115 397 tuae.
1170 355 1240 396 sed
1269 354 1412 409 accepi
1439 353 1609 394 litteras
1637 368 1661 394 a
1687 352 1851 405 collega
1879 364 1898 392 ⁸2

158 427 246 477 tuo,
277 424 400 466 datas
429 424 575 466 ldibus
602 425 742 479 Maiis,
776 427 815 466 in
845 427 1000 481 quibus
1028 430 1120 467 erat
1155 434 1194 465 to
1229 426 1278 466 ud
1313 439 1357 466 sc
1391 424 1614 478 scripsisse
1641 437 1665 464 a
1692 422 1852 477 Lepido

157 510 243 537 non
276 495 407 550 recipi
434 495 689 537 Antonium:
723 498 833 550 quod
869 497 951 538 erit
985 497 1155 549 certius,
1189 496 1222 537 si
1258 499 1304 536 tu
1338 496 1388 536 ad
1421 510 1499 536 nos
1533 494 1643 535 idem
1677 494 1853 549 scripse-

158 566 236 620 ris,
273 566 344 608 sed
385 567 524 608 minus
558 567 687 608 audes
719 567 903 608 fortasse
937 571 1112 622 propter
1151 567 1320 608 inanem
1360 566 1571 607 laetitiam
1609 565 1851 607 litterarum

157 637 439 691 superiorum.
501 652 666 690 verum,
708 642 756 678 ut
794 652 954 690 errare,
992 638 1049 678 mi
1088 636 1263 690 Plance,
1300 637 1482 691 potuisti
1514 661 1573 666 —
1605 637 1700 691 quis
1740 636 1852 677 enim

157 707 197 747 id
231 707 460 763 effugerit?
491 732 566 761 -—,
604 709 663 749 sic
696 708 834 762 decipi
866 711 907 748 te
940 723 1026 749 non
1058 708 1250 762 potuisse
1289 709 1384 762 quis
1423 723 1508 749 non
1546 707 1691 748 videt?
1741 721 1852 748 nunc

157 792 258 819 vero
297 779 427 820 etiam
461 778 586 833 [iam]
620 778 776 819 erroris
816 793 944 819 causa
982 779 1214 829 sublatast3
1258 779 1381 833 culpa
1420 779 1533 819 enim
1572 779 1644 819 illa
1678 778 1766 819 ‘bis
1800 778 1850 818 ad

155 848 358 890 eundem'
402 848 568 904 vulgari
615 848 873 903 reprehensa
917 848 1143 903 proverbio
1189 853 1266 890 est.
1328 849 1412 902 sin,
1455 852 1503 890 ut
1547 849 1757 903 scripsisti
1799 849 1850 890 ad

156 919 386 974 collegam,
424 919 485 960 ita
518 934 562 961 se
596 934 662 960 res
694 919 844 973 habet,
884 920 1000 960 omni
1040 935 1142 961 cura
1178 919 1350 961 liberati
1391 935 1555 973 sumus,
1592 934 1670 961 nec
1707 923 1849 961 tamen

155 989 315 1032 erimus
347 990 481 1045 prius,
512 1005 640 1044 quam
671 990 734 1031 ita
766 1005 858 1032 esse
892 994 938 1031 tu
972 1005 1049 1032 nos
1082 990 1233 1033 feceris
1267 991 1481 1032 certiores.
1542 1005 1635 1032 mea
1669 992 1851 1045 quidem,
1878 1001 1898 1030 3

156 1064 204 1102 ut
240 1061 294 1102 ad
330 1064 374 1103 te
413 1061 583 1116 saepius
624 1062 795 1116 scripsi,
838 1061 943 1103 haec
985 1063 1198 1103 sententia
1236 1066 1317 1103 est:
1363 1063 1434 1117 qui
1477 1062 1678 1116 reliquias
1723 1062 1850 1103 huius

156 1131 258 1173 belli
297 1132 579 1187 oppresserit,
624 1147 720 1173 eum
759 1133 896 1174 totius
936 1133 1037 1174 belli
1082 1133 1366 1175 confectorem
1409 1133 1518 1188 fore,
1563 1148 1689 1187 quem
1727 1135 1770 1174 te
1809 1136 1851 1174 et

155 1205 258 1257 opto
296 1217 388 1245 esse
427 1207 471 1244 et
509 1204 675 1245 confido
717 1203 922 1245 futurum.
984 1204 1127 1245 studia
1164 1219 1259 1245 mea
1300 1218 1403 1259 erga
1440 1207 1500 1258 te,
1541 1204 1696 1258 quibus
1736 1207 1851 1245 certe

151 1273 271 1314 nulla
303 1287 395 1315 esse
422 1275 588 1315 maiora
614 1277 860 1329 potuerunt,
892 1274 974 1315 tibi
1007 1278 1096 1316 tam
1130 1278 1255 1331 grata
1289 1289 1392 1328 esse,
1429 1290 1557 1329 quam
1590 1289 1669 1330 ego
1704 1274 1850 1329 putavi

148 1343 252 1398 fore,
283 1344 458 1386 minime
486 1344 620 1386 miror
646 1345 1004 1399 vehementerque
1039 1346 1193 1386 laetor:
1226 1360 1334 1400 quae
1369 1346 1540 1400 quidem
1572 1349 1632 1398 tu,
1664 1346 1699 1386 si
1734 1349 1850 1386 recte

149 1414 248 1457 istic
279 1415 374 1469 erit,
406 1416 572 1457 maiora
603 1419 646 1457 et
679 1416 881 1471 graviora
913 1430 1156 1471 cognosces.
1214 1429 1281 1457 1111
1312 1416 1362 1457 K.
1389 1416 1480 1458 Iun.

852 1557 965 1600 XXI.
1013 1557 1150 1614 (393.)

703 1651 970 1694 PLANCVS
1003 1650 1296 1694 CICERONI.

268 1747 454 1788 Puderet
492 1762 559 1789 me
598 1747 915 1790 inconstantiae
948 1763 1141 1789 mearum
1173 1747 1435 1802 litterarum,
1477 1748 1512 1788 si
1544 1763 1631 1789 non
1662 1748 1767 1789 haec
1799 1763 1849 1789 ex
1880 1759 1890 1788 1

147 1819 287 1860 aliena
318 1818 494 1860 levitate
528 1819 773 1873 penderent.
837 1819 980 1860 omnia
1012 1819 1113 1873 feci,
1145 1833 1231 1873 qua
1262 1833 1307 1859 re
1339 1817 1501 1872 Lepido
1535 1819 1764 1860 coniuncto
1798 1820 1849 1860 ad

147 1904 239 1931 rem
268 1904 308 1944 p.
342 1889 655 1931 defendundam
687 1890 852 1931 minore
881 1889 1171 1931 sollicitudine
1204 1893 1349 1931 vestra
1380 1889 1559 1944 perditis
1586 1890 1850 1931 resisterem:

148 1961 292 2002 omnia
330 1960 370 2002 ei
408 1963 451 2002 et
488 1961 652 2015 petenti
693 1961 832 2016 recepi
867 1965 909 2002 et
940 1961 1056 2002 ultro
1093 1961 1316 2015 pollicitus
1358 1975 1452 2002 sum
1492 1961 1730 2015 scripsique
1769 1961 1850 2001 tibi

147 2031 277 2072 biduo
323 2035 422 2072 ante
467 2032 678 2073 confidere
717 2047 783 2073 me
825 2032 939 2074 bono
978 2031 1142 2086 Lepido
1188 2046 1279 2072 0880
1324 2046 1503 2072 usurum
1548 2032 1849 2086 communique

94 2114 125 2139 ι’·
149 2102 332 2144 001181110
371 2102 534 2144 bellum
572 2103 992 2158 administraturum,
1037 2103 1196 2144 credidi
1236 2101 1535 2157 chirographis
1575 2102 1684 2157 eius,
1727 2102 1848 2143 adfir-

147 2173 328 2214 mationi
353 2173 593 2228 praesentis
620 2173 882 2228 Laterensis,
915 2174 987 2227 qui
1019 2176 1111 2214 tum
1143 2173 1255 2228 apud
1288 2187 1354 2213 me
1387 2175 1480 2214 erat
1512 2173 1849 2214 reconciliarem-

147 2258 229 2298 que
256 2259 323 2286 me
349 2243 512 2298 Lepido
540 2244 751 2299 fidemque
778 2244 981 2285 haberem
1008 2245 1174 2285 orabat.
1214 2258 1301 2285 11011
1329 2244 1451 2286 licuit
1477 2243 1638 2285 diutius
1669 2244 1771 2285 bene
1798 2244 1847 2285 de

146 2329 196 2356 eo
235 2329 424 2370 sperare:
461 2315 569 2356 illud
609 2318 723 2357 certe
764 2316 855 2356 cavi
895 2318 938 2356 et
977 2315 1154 2369 cavebo,
1191 2330 1243 2356 ne
1283 2329 1378 2356 mea
1417 2314 1671 2356 credulitate
1709 2315 1771 2356 rei
1808 2330 1848 2369 p.

146 2400 314 2427 summa
353 2385 539 2427 fallatur.
604 2401 701 2428 cum
740 2386 906 2427 lsaram
943 2386 1103 2427 flumen
1141 2401 1226 2427 uno
1266 2386 1332 2427 die
1370 2389 1502 2440 ponte
1544 2386 1694 2427 effecto
1734 2400 1848 2427 exer-

147 2457 282 2498 citum
313 2457 600 2499 traduxissem
632 2471 710 2511 pro
743 2457 1038 2512 magnitudine
1071 2456 1132 2498 rei
1165 2456 1432 2498 celeritatem
1471 2456 1695 2508 adhibens,
1734 2456 1846 2510 quod

146 2527 331 2581 petierat
361 2542 437 2582 per
468 2527 639 2569 litteras
678 2528 788 2582 ipse,
824 2530 874 2568 ut
911 2530 1172 2568 maturarem
1209 2527 1373 2582 venire,
1411 2530 1586 2582 praesto
1625 2527 1730 2568 mihi
1763 2527 1847 2567 fuit

146 2600 289 2639 stator
320 2597 411 2638 eius
444 2611 541 2638 cum
573 2598 744 2651 litteris,
777 2598 953 2653 quibus,
985 2613 1036 2639 ne
1069 2598 1276 2651 venirem,
1310 2598 1611 2652 denuntiabat,
1643 2612 1686 2638 se
1718 2612 1846 2652 posse

145 2683 220 2723 per
253 2683 297 2710 se
331 2668 539 2710 conficere
566 2668 808 2723 negotium,
840 2668 1005 2710 interea
1031 2669 1083 2722 ad
1110 2668 1275 2710 Isaram
1307 2672 1589 2723 expectarem.
1647 2668 1845 2710 indicabo

1874 2397 1893 2426 10

263 2800 295 2832 3.
322 2797 360 2831 te
387 2771 449 2831 11180
476 2795 513 2841 ((1
540 2808 563 2830 α
588 2808 631 2831 m.
661 2797 695 2840 1)
723 2795 914 2841 scripsisse
940 2796 998 2839 H,
1033 2797 1070 2830 te
1097 2795 1338 2841 adscripsisse
1366 2796 1414 2830 M
1428 2797 1439 2841 ΙΙ
1459 2799 1491 2831 4.
1518 2796 1640 2841 recepi
1666 2797 1714 2830 M
1733 2798 1745 2841 ΙΙ
1771 2807 1845 2830 cer-

145 2843 220 2878 tius
245 2844 306 2888 M,
338 2843 475 2878 rectius
504 2843 547 2877 II
572 2845 584 2887 ΙΙ
616 2847 646 2878 6,
675 2853 796 2877 errare
822 2842 872 2876 mi
898 2842 1034 2877 Plance
1065 2842 1238 2889 potuisti]
1275 2853 1434 2878 errarem
1460 2842 1510 2877 mi
1543 2843 1598 2887 (id
1623 2844 1687 2888 M)
1713 2843 1845 2888 plance

146 2890 299 2925 uoluisti
314 2891 405 2926 ΜΗ
420 2892 431 2936 ΙΙ
452 2894 482 2924 S.
511 2890 585 2924 iam
601 2895 682 2934 pos-t
702 2891 794 2925 alios
812 2891 938 2925 notavi
956 2892 967 2934 11
988 2889 1138 2924 sublata
1157 2891 1214 2924 est
1230 2891 1277 2925 M
1281 2890 1346 2924 cH
1362 2892 1374 2935 ΙΙ
1392 2890 1468 2935 bis]
1489 2891 1533 2933 ef.
1553 2890 1634 2925 Otto
1656 2891 1844 2935 ‘Spr·z'chu·.

146 2938 180 2973 d.
201 2937 264 2973 R.’
288 2950 326 2983 p.
350 2942 416 2973 186
448 2940 460 2983 ΙΙ
493 2941 546 2972 11.
583 2936 749 2972 certioris
776 2938 823 2972 M
850 2941 861 2981 Η
895 2942 948 2972 13.
976 2937 1239 2983 confectorem]
1273 2938 1317 2981 cf.
1346 2937 1741 2982 Nc‘iyelsbach-Me'iller
1767 2939 1843 2973 ‘lat

146 2984 316 3020 Stilistik’
341 2997 380 3030 p.
402 2986 488 3019 211⁸
519 2988 531 3028 n
564 2990 617 3020 14.
645 2986 743 3019 certe
769 2996 834 3019 om.
863 2984 905 3017 H
932 2988 944 3027 ΙΙ
980 2989 1030 3019 15.
1057 2983 1162 3019 nulla
1187 2985 1283 3027 0880]
1316 2996 1444 3019 rursus
1470 2986 1599 3029 incipit
1625 2984 1664 3019 D
1693 2986 1705 3030 ΙΙ
1735 2986 1845 3032 grata

146 3042 191 3066 esc
214 3033 361 3077 gratam
389 3034 548 3067 radendo
575 3033 622 3066 M
637 3034 648 3075 11
668 3036 722 3066 21.
751 3031 874 3065 aliena
899 3031 1054 3066 leuitate
1081 3044 1123 3066 ex
1149 3031 1252 3066 alina
1277 3031 1391 3066 leuite
1419 3032 1483 3065 Me
1502 3034 1514 3077 ll
1533 3035 1588 3067 21.
1612 3035 1667 3067 22.
1695 3031 1743 3066 ad
1768 3043 1845 3067 rem

147 3090 181 3122 p.
209 3079 486 3114 defendundam
519 3079 710 3123 (—dendam
738 3079 789 3119 D)
824 3078 922 3122 MD,
961 3079 1009 3113 ad
1041 3078 1312 3114 defendendam
1348 3089 1425 3114 rem
1449 3091 1484 3124 p.
1513 3079 1556 3113 H
1582 3080 1594 3124 11
1625 3083 1680 3115 23.
1714 3079 1845 3124 scripsi

149 3135 244 3169 quae
269 3125 341 3160 tibi
366 3127 415 3161 M
429 3129 440 3171 ΙΙ
469 3130 524 3162 28.
552 3126 633 3161 caui
662 3126 700 3161 D
727 3126 829 3171 (ΜΓ),
856 3125 937 3160 ceni
964 3126 1049 3160 ΜΗ
1075 3128 1086 3170 ΙΙ
1112 3130 1166 3162 33,
1193 3127 1427 3171 expectarem
1453 3126 1502 3171 H,
1530 3127 1734 3171 spectarem
1761 3127 1845 3162 MD

1490 3186 1561 3220 17*
