2242 3542
820 221 1098 256 PRAEFATIO.
1733 218 1809 253 XX!

116 333 324 388 epistulas
357 347 453 374 cum
487 346 596 373 unus
630 331 810 385 quisque
842 329 1045 371 librarius
1073 329 1107 370 si
1136 329 1237 383 quid
1265 343 1289 369 a
1315 342 1358 368 se
1386 330 1608 381 peccatum
1636 327 1815 368 vidisset

115 403 243 458 (H¹),
287 407 378 444 tum
419 405 634 444 corrector
677 401 849 456 quidam
890 390 1080 455 aequali-s
1119 400 1185 441 cui
1223 401 1398 454 praesto
1438 400 1530 439 erat
1568 397 1811 451 exemplum
1831 401 1889 435 11¹

115 474 397 528 archetypum
430 472 555 528 (H2),
597 476 688 514 tum
723 471 983 526 aliquotiens
1016 485 1167 512 manus
1201 469 1409 524 quaedam
1442 483 1549 510 saec.
1576 467 1655 508 XV
1690 465 1955 522 (H³).H‘·'H³⁵

115 559 201 586 non
233 547 377 586 tamen
411 544 568 598 ubique
602 544 647 584 H
657 543 666 565 ¹
703 546 745 584 01
780 543 823 583 H
833 541 847 564 ‘²
880 545 996 584 certo
1024 541 1291 595 distinguere
1318 539 1452 594 potui,
1484 538 1661 579 fallente
1689 552 1814 592 saepe

114 615 251 658 musei
289 614 530 657 Britannici
575 629 651 669 per
688 613 893 655 Martium
940 626 1129 653 mensem
1173 611 1278 652 luce.
1348 611 1408 651 rei
1454 608 1815 664 orthographicae

114 686 234 728 nulla
259 686 516 739 constantia,
543 688 807 740 quapropter
833 683 913 724 huc
942 682 1205 737 pertinentia
1233 682 1369 722 multa
1395 679 1532 722 omisi.
1573 679 1657 721 fuit
1683 679 1815 720 codex

116 757 219 799 olim
256 756 447 799 Coloniae
477 757 522 797 in
555 755 734 798 ecclesia
766 753 1019 806 cathedrali,
1059 753 1132 794 ubi
1166 767 1262 793 eum
1302 751 1486 793 contulit
1525 750 1816 792 intercedente

115 827 348 870 Melcliiore
363 827 586 882 Hittorpio
602 826 729 867 Ianus
747 824 1004 866 Gulielmius
1023 848 1071 853 -—
1091 838 1174 877 qua
1194 837 1243 864 ex
1265 822 1494 864 collatione
1517 819 1816 874 ‘Hittorpiani’

115 899 216 940 libri
260 899 475 953 scriptura
513 896 704 938 adfertur
735 896 779 937 in
811 894 1073 936 editionibus
1108 893 1368 935 Gruteriana
1400 896 1443 933 et
1476 892 1717 934 Graeviana
1754 916 1818 945 —‚

115 972 265 1024 postea
280 983 354 1023 per
369 968 534 1024 aliquot
548 982 682 1008 annos
698 967 742 1008 111
758 965 1023 1007 bibliotheca
1037 963 1221 1006 Graevii.
1255 964 1454 1005 dixerunt
1468 966 1569 1018 post
1585 962 1817 1004 Oehlerum

115 1039 226 1096 (1.0.)
246 1054 382 1094 nuper
402 1040 452 1081 de
473 1053 522 1081 eo
543 1038 658 1080 Riihl
680 1037 726 1093 (l.
747 1037 813 1093 c.),
835 1036 1002 1091 Tyrrell
1023 1035 1105 1092 (ed.
1126 1039 1155 1076 t.
1176 1034 1220 1076 1²
1242 1050 1280 1089 p.
1299 1036 1434 1088 74sq.‚
1455 1033 1494 1074 ΙΙ
1515 1049 1554 1088 p.
1569 1033 1710 1074 LXVI
1722 1031 1818 1087 sq),

116 1109 247 1153 Clark
274 1108 321 1166 (l.
348 1125 381 1152 c.
413 1125 452 1164 p.
481 1109 648 1163 leq.).
706 1108 871 1150 contuli
904 1122 939 1148 a.
969 1104 1136 1162 18821)

236 1181 466 1222 Harleiano
511 1179 593 1222 hoc
638 1194 734 1222 cum
778 1178 921 1221 codice
961 1177 1280 1232 componendus
1320 1179 1386 1218 est
1425 1176 1499 1230 qui
1540 1175 1659 1217 varia
1696 1178 1816 1216 tenet

115 1252 334 1294 Ciceronis
379 1251 585 1306 opuscula
622 1250 900 1303 Erfurtensis,
943 1263 1057 1290 nunc
1095 1248 1378 1289 Berozinensis
1415 1246 1488 1287 lat.
1521 1246 1592 1288 fol.
1621 1246 1723 1287 252:
1766 1245 1871 1300 ΕΡ

114 1323 292 1365 membr.
324 1337 355 1364 s.
382 1321 613 1375 XIIJXIII,
646 1321 719 1362 alt.
752 1324 860 1362 cent.
885 1320 961 1374 49,
998 1319 1071 1361 lat.
1099 1320 1172 1372 31,
1211 1318 1324 1359 binis
1364 1317 1576 1377 columnis
1616 1331 1817 1357 versuum

114 1427 210 1462 ultro
236 1426 436 1461 memoriae
463 1436 501 1460 se
522 1425 629 1459 offert
649 1423 977 1459 Laureshamensis
997 1423 1061 1457 ille
1082 1422 1146 1467 qui
1165 1433 1295 1467 reapse
1316 1423 1396 1456 erat
1418 1421 1471 1455 ‘in
1491 1419 1816 1465 quaternionibus’

113 1473 337 1556 3233}ae
375 1468 1575 1565 (11,ξῖἓᾶῙῖἓέἒὲίῖἓᾎθῖξῗῗθἐ)ῗέἓῖἔῗωῗὲἐὲᾛῖωἓὲῗὲἓῃζὲἰῖῗς
1600 1467 1654 1502 sta
1692 1467 1819 1513 putari

294 1544 296 1549 ’
336 1544 354 1555 ἰ
503 1544 505 1549 ’
789 1546 797 1563 ‚
840 1548 846 1554 ι
893 1549 898 1554 ι
1560 1540 1564 1548 Ι
1581 1544 1586 1549 ι

235 1570 269 1611 1)
297 1578 376 1602 0880
403 1566 561 1602 01111ᾶο111
580 1566 823 1601 Harleianum
849 1566 946 1600 1111110
972 1567 1086 1609 atque
1109 1563 1418 1609 ‘Hittorpianum'
1441 1562 1589 1597 Gruteri
1610 1563 1648 1596 et
1668 1560 1819 1596 Graevii

116 1618 201 1661 post
246 1614 385 1649 Clarkii
429 1613 666 1659 quaestiones
711 1613 748 1657 (l.
777 1624 805 1648 0.
832 1625 867 1658 p.
894 1613 926 1647 V
953 1614 1021 1656 sq.)
1058 1623 1125 1657 pro
1164 1613 1263 1645 certo
1303 1610 1425 1644 dicere
1462 1609 1561 1644 licet.
1620 1608 1818 1643 abicienda

115 1662 231 1707 igitur
255 1662 370 1697 etiam
389 1660 562 1706 Tyrrellii
587 1660 676 1705 (Cic.
704 1672 759 1705 ep.
781 1660 814 1694 II
833 1672 868 1704 p.
889 1659 1034 1694 LXXIX
1057 1661 1125 1703 sq.)
1152 1658 1277 1703 opinio
1305 1668 1378 1702 qua
1398 1657 1455 1691 vir
1481 1656 1648 1692 eruditus
1667 1657 1819 1701 propter

115 1709 344 1744 differentias
371 1708 553 1753 quasdam
579 1708 676 1742 inter
694 1706 887 1742 Harleiani
913 1706 1136 1751 scripturam
1161 1707 1198 1739 et
1218 1704 1368 1739 Graevii
1388 1704 1433 1739 de
1453 1703 1692 1748 Hittorpiano
1712 1703 1816 1737 testi-

116 1756 241 1792 monia
265 1756 536 1791 intercedentes
563 1754 698 1789 statuit
722 1755 820 1789 hunc
846 1765 891 1789 ex
916 1753 981 1788 illo
1008 1764 1088 1788 esse
1113 1752 1380 1797 transcriptum
1405 1753 1452 1795 (v.
1479 1751 1602 1794 infra).
1654 1751 1818 1785 ceterum

115 1804 160 1843 de
186 1803 343 1839 Grutero
370 1805 408 1838 et
433 1802 591 1838 Graevio
618 1801 792 1836 addenda
817 1801 920 1836 haec.
965 1799 1196 1845 Hittorpiani
1223 1799 1361 1834 codicis
1387 1798 1540 1833 collatio
1568 1797 1819 1832 Gulielmiana

115 1850 276 1896 repetita
301 1852 360 1885 est
383 1852 421 1885 et
440 1861 462 1884 a
482 1849 638 1884 Grutero
666 1871 687 1874 ω
724 1849 782 1883 vel
807 1848 932 1894 potius
954 1847 1164 1891 Gebhardo,
1190 1846 1222 1881 is
1244 1846 1342 1881 enim
1361 1846 1458 1880 hanc
1478 1845 1653 1880 editionis
1672 1846 1819 1889 partem

115 1897 261 1933 curavit
288 1919 330 1923 —
357 1899 396 1933 et
421 1908 443 1932 a
470 1896 648 1940 Graevio,
675 1897 721 1931 ab
748 1896 814 1930 illo
841 1895 992 1940 quidem
1017 1895 1072 1930 ita
1097 1896 1140 1929 ut
1165 1894 1323 1929 selectas
1349 1893 1532 1938 quasdam
1558 1904 1602 1927 ex
1628 1891 1819 1926 Gulielmii

114 1944 270 1980 materie
302 1945 394 1979 satis
424 1944 582 1979 haberet
613 1944 758 1978 adferre
791 1942 1064 1978 adnotationes.
1115 1953 1183 1976 nec
1215 1940 1336 1986 magis
1363 1940 1544 1975 Graevius
1575 1940 1614 1974 in
1647 1938 1818 1984 epistulis

115 1993 238 2038 ipsum
269 1992 429 2027 contulit
461 1991 645 2035 codicem,
677 2002 723 2025 ne
755 2002 798 2025 eo
831 1990 983 2035 quidem
1010 1991 1177 2035 tempore
1203 1999 1276 2033 quo
1302 1999 1386 2022 eum
1412 1987 1512 2022 domi
1538 1987 1720 2029 habebat,
1753 1986 1819 2020 sed

115 2041 195 2085 ipse
227 2050 374 2085 quoque
404 2038 561 2074 recurrit
591 2038 640 2073 ad
671 2040 835 2073 veterem
865 2037 972 2072 illam
998 2036 1188 2072 Gulielmii
1220 2035 1477 2079 collationem,
1510 2045 1555 2069 ex
1587 2045 1661 2078 qua
1691 2035 1819 2068 tamen

115 2086 347 2132 Hittorpiani
374 2086 595 2131 scripturam
617 2085 735 2120 multo
755 2085 985 2130 frequentius
1007 2084 1128 2119 adfert
1147 2094 1260 2128 quam
1280 2082 1510 2117 Gebhardus.
1550 2092 1646 2126 quae
1666 2080 1817 2115 collatio

115 2134 180 2179 qui
206 2133 278 2169 sibi
306 2133 485 2179 obtigerit
508 2133 588 2178 ipse
615 2132 737 2178 aperit
760 2133 876 2178 praef.
905 2132 961 2167 ed.
990 2135 1080 2167 1677
1108 2133 1146 2166 01
1175 2134 1262 2165 1693
1288 2142 1323 2175 p.
1345 2133 1365 2163 3
1391 2129 1484 2164 hacc
1510 2129 1691 2164 scribens:
1727 2127 1819 2163 ‘edi-

115 2181 228 2218 tionis
248 2181 516 2216 Lambinianae
543 2192 626 2215 cum
651 2180 765 2214 variis
793 2179 958 2224 antiquis
984 2178 1090 2214 libris
1116 2190 1139 2213 a
1164 2177 1388 2224 politissimo
1408 2176 1473 2211 illo
1493 2176 1583 2211 Iano
1604 2174 1818 2210 Guilielmio

116 2231 155 2265 et
191 2240 275 2264 cum
306 2228 490 2263 Palatinis
529 2239 551 2262 a
583 2228 738 2262 Grutero
779 2226 1009 2272 compositae
1046 2225 1194 2271 copiam
1231 2223 1324 2258 mihi
1355 2223 1446 2258 fecit
1476 2223 1533 2258 vir
1565 2221 1818 2268 amplissimus

116 2277 272 2312 Ioannes
299 2276 438 2319 Sixius,
472 2274 646 2310 scabinus
672 2273 1032 2310 Amsterodamensis
1058 2271 1302 2318 gravissimus
1329 2273 1368 2306 et
1393 2270 1663 2306 doctissimus':
1697 2269 1819 2314 ipsum

117 2323 232 2370 igitur
268 2323 363 2358 illud
399 2322 585 2358 Ciceronis
624 2321 850 2366 exemplum,
888 2322 927 2356 in
965 2332 1037 2365 quo
1076 2320 1246 2355 codicum
1284 2318 1507 2353 varietatem
1546 2317 1820 2352 adnotaverant

117 2370 337 2406 Gulielmius
368 2372 573 2416 posteaque
599 2369 733 2404 Gruter
763 2369 935 2413 quodque
966 2368 1028 2402 hic
1052 2367 1305 2402 bibliothecae
1332 2363 1677 2400 Amsterodamensi
1706 2363 1818 2398 desti-

117 2419 274 2453 naverat
305 2421 352 2462 (v.
385 2417 465 2452 eius
497 2417 581 2452 adn.
615 2416 663 2451 ad
689 2416 761 2451 Cic.
789 2416 835 2451 de
861 2427 911 2451 or.
939 2416 982 2458 II,
1009 2416 1084 2459 47),
1118 2413 1276 2449 Graevio
1302 2413 1480 2448 utendum
1505 2411 1725 2457 permissum
1752 2412 1817 2445 est.

118 2475 214 2510 quae
240 2464 390 2500 Graevii
421 2464 518 2499 ratio
547 2463 695 2499 facilem
722 2464 837 2498 habet
862 2462 1149 2508 explicationem
1174 2461 1213 2495 in
1238 2459 1360 2505 priore
1386 2459 1630 2504 epistularum
1655 2457 1819 2492 editione

120 2523 152 2547 a.
180 2515 270 2546 1677
303 2511 440 2546 emissa
467 2533 507 2536 —
536 2512 673 2545 frustra
706 2510 802 2545 enim
836 2510 1075 2545 laboraverat
1106 2510 1147 2543 ut
1175 2507 1314 2543 codicis
1341 2505 1569 2541 Coloniensis
1597 2504 1818 2550 inspiciendi

119 2559 270 2593 daretur
300 2560 483 2603 potestas,
519 2570 548 2593 v,
582 2569 637 2602 ep.
674 2561 740 2592 113
771 2559 819 2602 (p.
848 2561 912 2591 151
940 2557 1097 2599 Burm.)‚
1131 2559 1198 2590 123
1229 2556 1278 2599 (p.
1309 2556 1405 2597 169),
1441 2556 1508 2587 124
1539 2554 1586 2597 (p.
1617 2554 1716 2596 171),
1752 2555 1818 2585 125

121 2608 170 2650 (p.
192 2606 275 2649 174)
322 2627 325 2629 -
355 2634 363 2648 ,
394 2605 516 2639 minus
549 2605 764 2649 expeditam
795 2604 833 2638 in
865 2604 985 2639 altera
1017 2614 1039 2637 a
1078 2606 1168 2637 1693
1200 2601 1365 2647 prodita:
1399 2599 1536 2645 quippe
1569 2599 1632 2634 ille
1658 2599 1744 2633 inde
1771 2598 1818 2632 ab

121 2663 218 2687 anno
246 2655 337 2686 1688
370 2651 469 2686 (101111
501 2652 667 2686 habebat
698 2651 819 2696 ipsum
846 2650 1101 2686 Coloniensem
1134 2649 1300 2684 codicem
1327 2647 1606 2691 adhibebatque
1633 2645 1818 2680 Ciceronis

119 2698 352 2734 orationibus
380 2702 427 2738 (v.
454 2698 565 2733 Clark
590 2711 623 2743 p.
645 2699 701 2742 X).
747 2698 879 2742 quodsi
905 2697 944 2732 in
970 2697 1106 2732 iterata
1132 2695 1376 2741 epistularum
1402 2694 1564 2729 editione
1591 2693 1711 2728 denuo
1731 2704 1819 2726 usus

121 2750 177 2781 est
208 2747 333 2780 vetere
363 2745 429 2779 illa
456 2745 672 2788 collatione,
705 2756 778 2780 non
803 2756 901 2780 nova
927 2755 1010 2787 sua,
1037 2743 1132 2778 ratio
1158 2742 1211 2777 rei
1237 2753 1302 2776 nos
1329 2741 1442 2787 fugit:
1474 2740 1668 2787 probabile
1694 2741 1820 2774 tamen

120 2795 205 2839 post
229 2792 413 2838 specimen
442 2793 628 2837 sumptum
656 2791 845 2826 Gulielmii
871 2791 977 2825 illam
1003 2801 1153 2835 operam
1178 2792 1257 2824 tam
1283 2790 1499 2824 accuratam
1521 2787 1639 2822 visam
1661 2787 1819 2822 Graevio

121 2842 162 2876 ut
198 2842 317 2875 totam
357 2849 617 2884 recognoscere
653 2838 779 2873 nollet.
837 2840 922 2872 utut
953 2839 1024 2880 est,
1063 2837 1101 2871 in
1134 2836 1283 2872 Graevii
1317 2835 1560 2881 epistularum
1593 2833 1819 2869 editionibus

123 2887 349 2933 Hittorpiani
383 2886 566 2931 scriptura
598 2885 754 2920 refertur
785 2896 856 2920 non
889 2896 932 2919 ex
964 2884 1114 2929 propria
1145 2884 1209 2919 sed
1242 2895 1286 2918 ex
1312 2882 1503 2918 Gulielmii
1533 2881 1750 2923 collatione,
1783 2882 1822 2915 et

121 2935 277 2970 refertur
307 2946 445 2979 magna
477 2945 559 2968 cum
594 2932 840 2977 neglegentia.
892 2942 987 2975 quae
1019 2931 1257 2977 neglegentia
1288 2942 1372 2965 cum
1397 2929 1514 2964 multo
1541 2928 1661 2973 magis
1687 2928 1820 2963 cadere

121 2981 294 3017 videatur
324 2981 361 3015 in
394 2980 592 3016 Graevium
624 2991 736 3024 quam
769 2978 806 3013 in
839 2977 1078 3014 Gulielmium
1111 2978 1170 3021 (cf.
1199 2977 1309 3013 Clark
1333 2977 1457 3023 p.V11
1477 2983 1562 3020 sq.‘›,
1596 2975 1714 3018 illius,
1747 2986 1820 3010 non

122 3028 230 3064 huius
268 3030 420 3074 peccato
460 3027 626 3062 evenisse
665 3025 820 3060 dixerim
860 3036 942 3060 cam
973 3037 1069 3070 quae
1101 3025 1323 3069 Tyrrel'lium
1356 3023 1511 3058 offendit
1542 3022 1639 3058 inter
1669 3021 1820 3057 Graevii

121 3075 401 3111 adnotationem
427 3077 464 3110 et
488 3074 675 3109 Harleiani
704 3073 926 3118 scripturam
945 3072 1246 3118 discrepantiam.
1272 3093 1311 3097 —
1334 3072 1497 3106 ceterum
1523 3070 1638 3104 codex
1664 3081 1709 3104 ne
1734 3070 1820 3114 post

124 3125 278 3158 mortem
309 3122 459 3167 quidem
486 3121 636 3157 Graevii
662 3119 942 3156 Coloniensibus
974 3121 1032 3154 est
1061 3119 1246 3164 redditus,
1280 3119 1344 3154 sed
1377 3118 1507 3153 eadem
1539 3117 1713 3161 deinceps
1739 3116 1820 3150 fata

120 3169 254 3205 habuit
279 3171 391 3214 atque
416 3168 639 3204 Harleianus
666 3171 756 3203 2773
784 3170 831 3212 (ν.
858 3180 892 3212 p.
914 3167 1032 3201 XVIII
1057 3166 1141 3202 adn.
1170 3168 1216 3212 1).
