2242 3496
606 216 942 252 1⁴:PlSTVLA1i-x'M
971 217 1063 252 xlll.
1092 221 1144 251 136.
1174 219 1228 252 ⁴37.
1256 221 1310 251 (58.
1338 220 1391 250 69,
1762 215 1846 257 379

813 360 1011 403 vam.
1057 360 1193 417 (225.)

235 453 290 495 M.
315 454 565 496 TVLLIVS
599 453 810 498 CICERO
845 455 889 497 P.
919 454 1194 498 SERVILIO
1229 453 1503 498 ISAVRICO
1538 452 1770 496 PROCOS.

771 525 1079 568 COLLEGAE
1115 525 1154 568 S.
1187 526 1232 568 P.

269 618 426 662 Gratae
454 621 559 662 mihi
588 621 861 663 vehementer
889 624 986 662 tuae
1011 621 1179 662 litterae
1201 621 1385 675 fuerunt,
1411 635 1460 662 ex
1489 621 1644 675 quibus
1667 620 1848 676 cognovi
1881 635 1891 663 ι

117 705 301 732 scursus
346 691 671 746 navigationum
717 696 909 746 tuarum,
954 692 1227 747 significabas
1274 693 1387 733 enim
1433 692 1683 733 memoriam
1729 694 1848 732 tuam

151 764 323 803 nostrae
355 763 698 817 necessitudinis,
731 778 813 817 qua
846 763 951 803 mihi
983 762 1090 803 nihil
1124 765 1295 816 poterat
1323 777 1414 803 esse
1441 763 1676 804 iucundius.
1735 761 1848 816 quod

152 832 359 874 relicuum
392 837 474 887 est,
513 833 650 874 multo
684 833 815 874 etiam
848 833 930 874 erit
969 833 1154 886 gratius,
1197 832 1232 874 si
1266 833 1316 874 ad
1350 848 1415 873 me
1448 833 1497 874 (le
1531 848 1574 874 re
1607 849 1665 888 p.,
1703 833 1745 874 id
1784 834 1850 873 est

151 903 201 944 de
240 906 357 945 statu
394 904 658 958 provinciae,
704 904 751 944 de
791 903 1004 945 institutis
1048 903 1154 958 tuis,
1197 902 1472 944 familiariter
1516 904 1694 960 scribes3
1741 918 1849 958 quae

151 988 412 1028 quamquam
444 988 495 1015 ex
528 973 676 1015 multis
709 989 786 1028 pro
821 977 896 1015 tua
929 974 1125 1016 claritate
1159 974 1346 1029 audiam,
1389 977 1534 1017 tamen
1565 975 1849 1016 libentissime

99 1058 131 1084 ιο
150 1059 200 1085 ex
226 1044 312 1086 tuis
340 1045 499 1086 litteris
527 1059 797 1100 cognoscam.
849 1059 928 1100 ego
956 1045 1007 1086 ad
1034 1048 1089 1098 te,
1115 1045 1165 1086 de
1192 1060 1236 1086 re
1263 1060 1302 1100 p.
1331 1060 1497 1087 summa
1526 1045 1626 1100 quid
1655 1045 1850 1099 sentiam,
1877 1060 1896 1090 2

149 1129 236 1157 non
274 1129 400 1170 saepe
445 1116 632 1157 scribam
675 1118 855 1170 propter
898 1116 1137 1170 periculum
1184 1116 1395 1158 eiusmodi
1439 1117 1701 1170 litterarum3
1748 1116 1850 1171 quid

150 1188 305 1242 agatur
356 1189 521 1240 autem,
572 1187 759 1228 scribam
810 1187 991 1242 saepius,
1061 1201 1231 1242 sperare
1284 1190 1429 1229 tamen
1473 1188 1621 1229 videor
1665 1185 1849 1242 Caesari,

149 1257 338 1313 collegae
369 1261 539 1313 nostro,
577 1258 668 1300 fore
702 1273 828 1300 curae
862 1260 904 1299 et
937 1273 1049 1312 esse,
1090 1261 1138 1299 ut
1169 1258 1406 1300 habeamus
1447 1259 1636 1313 aliquam
1676 1273 1767 1300 rem
1799 1273 1851 1312 p.,

150 1329 270 1370 cuius
303 1329 496 1371 consiliis
529 1330 676 1386 magni
707 1329 923 1371 referebat
955 1332 997 1370 te
1030 1330 1255 1384 interesse3
1289 1330 1373 1385 sed,
1406 1330 1442 1371 si
1475 1330 1556 1371 tibi
1588 1329 1739 1371 utilius
1772 1332 1850 1384 est,

96 1412 128 1439 1⁵
148 1399 190 1441 id
223 1402 289 1441 est
321 1400 570 1456 gloriosius,
612 1400 741 1442 Asiae
774 1414 971 1455 praeesse
1008 1403 1050 1441 et
1088 1400 1218 1442 istam
1256 1403 1424 1455 partem
1462 1401 1523 1442 rei
1553 1416 1593 1456 p.
1633 1401 1743 1442 male
1782 1401 1850 1442 ad-

150 1471 309 1513 fectam
342 1471 465 1522 tueri,
497 1471 605 1513 mihi
639 1486 807 1527 quoque
833 1472 957 1526 idem,
991 1472 1103 1526 quod
1130 1472 1210 1513 tibi
1237 1474 1280 1513 et
1306 1472 1423 1513 laudi
1448 1474 1548 1513 tuae
1574 1471 1851 1527 profuturum

149 1545 234 1595 est,
267 1542 458 1597 optatius
493 1543 620 1584 debet
652 1558 754 1585 esse.
813 1557 910 1598 ego,
949 1557 1057 1597 quae
1091 1543 1142 1583 ad
1180 1545 1300 1584 tuam
1340 1542 1597 1598 dignitatem
1635 1543 1850 1597 pertinere
1878 1558 1897 1588 3

148 1611 407 1668 arbitrabor,
439 1628 611 1656 summo
636 1607 787 1655 *studio
821 1613 1130 1669 diligentiaque
1161 1614 1332 1667 curabo,
1364 1613 1409 1654 in
1434 1613 1670 1667 primisque
1697 1613 1851 1655 tuebor

148 1683 265 1725 omni
305 1684 580 1726 observantia
622 1685 909 1727 clarissimum
942 1684 1102 1739 virum,
1146 1687 1314 1739 patrem
1351 1687 1493 1739 tuum,
1538 1684 1651 1738 quod
1690 1687 1733 1726 et
1770 1698 1849 1739 pro

95 1769 130 1794 20
149 1756 364 1796 vetustate
408 1756 740 1798 necessitudinis
779 1758 823 1797 et
860 1770 937 1810 pro
977 1755 1197 1797 beneficiis
1242 1755 1396 1797 vestris
1442 1758 1485 1796 et
1521 1770 1598 1810 pro
1638 1755 1850 1811 dignitate

148 1824 284 1880 ipsius
315 1825 455 1868 facere
488 1826 635 1869 debeo.

827 1896 980 1939 LXIX.
1030 1895 1168 1961 (265.)

451 1990 662 2034 CICERO
695 1991 742 2033 P.
771 1991 1048 2034 SERVILIO
1083 1990 1395 2034 COLLEGAE
1431 1991 1471 2035 S.
1505 1992 1552 2035 P.

263 2084 307 2127 C.
334 2085 509 2128 Curtius
542 2085 726 2128 Mithres
760 2089 825 2129 est
857 2087 930 2129 ille
971 2086 1161 2141 quidem,
1198 2089 1248 2128 ut
1281 2087 1383 2142 scis,
1421 2087 1603 2129 libertus
1639 2087 1848 2141 Postumi,
1880 2104 1896 2134 1

91 2169 126 2195 25
143 2155 473 2198 familiarissimi
518 2157 623 2211 mei,
667 2158 740 2199 sed
784 2172 850 2199 me
896 2158 1001 2199 colit
1045 2160 1088 2199 et
1132 2161 1333 2212 opservat
1377 2173 1510 2213 aeque
1556 2161 1683 2213 atque
1726 2159 1850 2200 illum

144 2226 287 2281 ipsum
324 2230 558 2282 patronum
602 2242 738 2269 suum.
802 2229 913 2282 apud
953 2243 1049 2269 eum
1087 2242 1167 2284 ego
1208 2229 1268 2270 sic
1306 2228 1469 2283 Ephesi
1507 2229 1586 2284 fui,
1632 2230 1847 2284 quotiens-

144 2312 325 2352 cumque
357 2297 439 2353 fui,
476 2301 699 2353 tamquam
732 2299 847 2340 domi
882 2314 1017 2352 meae,
1056 2299 1275 2353 multaque
1309 2300 1574 2356 acciderunt,
1611 2300 1657 2341 in
1689 2302 1842 2356 quibus

143 2371 186 2410 et
218 2369 563 2411 benevolentiam
595 2370 686 2411 eius
721 2383 824 2423 erga
855 2384 921 2410 me
955 2370 1171 2423 experirer
1203 2372 1247 2411 et
1278 2370 1417 2412 fidem.
1473 2371 1637 2426 itaque,
1670 2372 1706 2413 si
1740 2373 1841 2426 quid

143 2443 219 2481 aut
250 2440 358 2481 mihi
390 2443 466 2481 aut
497 2454 690 2481 meorum
723 2439 909 2494 cuipiam
940 2440 986 2481 in
1017 2439 1124 2482 Asia
1156 2455 1263 2496 opus
1296 2444 1379 2496 est,
1420 2442 1471 2483 ad
1503 2441 1618 2485 hunc
1653 2443 1841 2486 scribere

91 2522 124 2547 ³0
144 2511 364 2565 consuevi,
400 2510 526 2551 huius
560 2525 657 2552 cum
689 2525 818 2564 opera
857 2513 899 2551 et
930 2511 1030 2566 fide,
1074 2514 1168 2553 tum
1207 2513 1332 2554 domo
1366 2515 1409 2554 et
1442 2527 1486 2555 re
1518 2514 1584 2555 uti
1616 2517 1842 2569 tamquam

144 2595 249 2622 mea.
300 2581 404 2622 haec
432 2581 484 2622 ad
505 2584 548 2622 te
569 2595 618 2622 eo
639 2581 836 2635 pluribus
863 2582 1028 2637 scripsi,
1054 2585 1104 2624 ut
1123 2582 1398 2639 intellegeres
1425 2599 1492 2626 me
1512 2599 1599 2626 non
1625 2585 1840 2642 †vulgare

263 2701 293 2730 7.
319 2695 503 2740 reliquum
529 2696 609 2731 HD
633 2697 645 2741 ΙΙ
674 2696 788 2730 etiam
814 2708 880 2732 om.
908 2698 951 2732 H
970 2699 982 2742 ΙΙ
1010 2702 1062 2733 10.
1089 2709 1164 2744 rep.
1192 2699 1293 2744 MD,
1318 2712 1345 2735 r.
1373 2713 1406 2746 p.
1435 2701 1485 2736 H.
1530 2700 1584 2736 rei
1609 2713 1643 2746 p.
1671 2703 1749 2736 alii.
1793 2703 1839 2746 cf.

144 2744 190 2779 E.
206 2743 375 2778 Afflreeht
396 2744 453 2778 ‘cle
473 2744 546 2778 adi.
567 2745 690 2778 attrib.
712 2745 752 2778 in
772 2745 794 2779 l.
809 2744 893 2779 Lat.
909 2746 1042 2780 colloc.'
1067 2747 1166 2790 (diss.
1188 2747 1309 2782 Mai-b,
1327 2749 1432 2792 1890)
1448 2760 1486 2792 1).
1502 2751 1545 2782 65
1565 2753 1576 2791 ΙΙ
1598 2752 1651 2783 11.
1674 2752 1728 2784 12.
1750 2749 1842 2793 quid

143 2792 268 2826 autem
295 2792 428 2835 agatur
448 2790 572 2835 sepius
592 2790 752 2825 scribam
766 2791 810 2826 H
825 2792 836 2836 ΙΙ
857 2795 911 2827 17.
939 2803 1018 2826 esse
1038 2804 1102 2827 om.
1119 2793 1163 2827 Η
1178 2795 1189 2838 ΙΙ
1211 2798 1263 2828 18.
1293 2794 1452 2829 arbitror
1473 2795 1597 2830 studio
1619 2807 1761 2830 summo
1776 2797 1821 2830 H
1838 2833 1839 2837 ,

145 2841 198 2873 19.
224 2840 369 2883 patrem
389 2839 494 2872 tuum
514 2838 568 2881 M,
595 2839 700 2872 tuum
719 2839 865 2882 patrem
885 2839 966 2873 HD
984 2840 995 2883 ll
1015 2843 1069 2874 21.
1097 2839 1224 2875 debeo.
1264 2841 1349 2876 uale
1369 2841 1407 2876 D
1426 2844 1437 2885 ΙΙ
1457 2846 1512 2877 24.
1534 2842 1570 2877 C.
1593 2843 1640 2887 D,
1661 2842 1769 2888 gaius
1785 2844 1839 2888 M,

143 2884 279 2930 cagius
294 2885 338 2919 H
353 2887 415 2930 qui
428 2884 628 2930 plurimam
642 2897 707 2920 om.
727 2887 739 2928 11
757 2885 930 2931 ΜίῒΙΠθε]
951 2887 994 2921 de
1013 2888 1170 2922 nominis
1186 2889 1328 2923 ratione
1341 2901 1372 2923 «v.
1394 2889 1525 2924 Usener
1541 2890 1837 2934 ‘Epicureorum'

138 2944 176 2977 p.
197 2936 265 2966 413
297 2933 308 2976 ΙΙ
339 2934 382 2966 ut
407 2932 478 2967 scis
505 2944 570 2967 om.
598 2932 642 2967 H
668 2934 680 2977 ΙΙ
710 2932 893 2978 Postumi]
925 2932 1108 2968 Postumii
1133 2935 1202 2970 alti
1231 2936 1242 2979 11
1275 2939 1329 2971 25.
1357 2940 1412 2970 26.
1440 2937 1552 2980 atque
1581 2936 1688 2971 illum
1718 2937 1841 2982 ipsum

141 2981 339 3024 patronum
378 2991 484 3013 suum
519 2980 578 3023 M,
618 2981 730 3023 atque
766 2981 964 3024 patronum
1000 2980 1123 3025 ipsum
1162 2993 1268 3016 suum
1305 2982 1362 3026 H,
1402 2993 1446 3018 ac
1482 2983 1605 3028 ipsum
1641 2985 1840 3029 patronum

144 3037 251 3060 suum
275 3026 315 3061 D
333 3028 344 3072 ΙΙ
364 3030 419 3062 28.
446 3026 631 3071 experirer
656 3026 713 3070 M,
739 3036 932 3071 expererer
956 3027 1004 3071 D,
1033 3030 1204 3072 expertus
1231 3041 1311 3063 sum
1337 3029 1383 3064 H
1395 3031 1407 3075 ΙΙ
1427 3033 1480 3065 29.
1510 3030 1672 3076 cuipiam
1697 3031 1752 3076 D,
1779 3043 1840 3068 cu-

142 3072 245 3118 piam
270 3074 324 3118 M,
351 3073 545 3119 quippiam
571 3074 613 3108 H
629 3075 640 3118 ΙΙ
666 3077 720 3108 31.
747 3073 901 3119 vulgare
927 3080 1136 3120 corruptum
1161 3077 1239 3120 (nec
1264 3079 1358 3111 enim
1383 3078 1575 3123 quicquam
1599 3080 1671 3124 eyit
1697 3079 1842 3115 Krauss

145 3121 221 3155 ‘em
246 3120 316 3156 Oic.
337 3122 405 3166 ep.⁷
424 3134 461 3166 p.
479 3125 522 3155 33
542 3122 686 3156 verbum
706 3122 799 3156 illud
818 3123 1054 3167 eoezssstimans).
1091 3123 1298 3168 vulgariter
1318 3134 1349 3168 ς,
1376 3124 1524 3170 vulgari
1544 3124 1700 3173 (more)
1721 3126 1842 3171 Klotz,

143 3166 291 3213 vulgari
318 3167 697 3215 (commendatione>
724 3172 789 3203 aut
813 3168 1037 3217 vulgare<m
1062 3169 1101 3204 in
1126 3170 1305 3219 modum>
1333 3172 1544 3219 IVesenbery
