2242 3542
834 239 1112 274 PRAEFATIO.
1743 239 1819 272 xlx

249 347 334 388 iam
369 347 447 388 GR
481 348 646 388 codices
681 347 781 401 quin
816 348 997 389 eundem
1030 348 1184 388 ultimo
1217 347 1351 402 gradu
1390 346 1621 387 habuerint
1657 349 1823 399 patrem

129 415 220 474 (X)
253 417 430 458 dubium
464 421 608 472 potest
641 432 734 459 esse
767 418 924 458 nemini
967 418 1040 472 qui
1079 421 1313 472 apparatus
1351 417 1487 458 nostri
1528 417 1709 471 paginas
1753 417 1825 457 ali·
1844 429 1880 462 Χ

130 492 237 542 quot
269 488 597 542 perlustraverit
632 488 899 542 maximeque
932 488 1164 529 attenderit
1197 488 1248 528 ad
1281 488 1529 529 lacunarum
1566 487 1825 528 communio-

128 573 226 600 nem
254 559 309 608 (v.
337 559 467 600 etiam
496 558 714 600 Streiclier
747 574 785 612 p.
819 558 1007 614 112sq.):
1041 562 1146 612 quot
1173 562 1318 599 tamen
1343 559 1548 614 gradibus
1574 558 1638 599 illi
1665 557 1827 598 distent

129 645 154 670 a
186 634 363 684 parente
397 630 611 670 communi
647 630 813 684 qualive
847 631 958 670 inter
991 644 1034 670 se
1068 630 1155 670 sint
1189 629 1321 671 iuncti
1354 629 1624 685 cognationis
1655 629 1826 670 vinculo

129 700 295 741 definiri
337 701 421 741 iam
461 716 545 741 non
586 703 746 754 potest,
791 701 843 740 ab
883 715 931 741 eo
975 700 1145 754 quidem
1190 700 1262 754 qui
1308 703 1585 741 stemmatum
1629 700 1826 740 fallacem

129 771 316 824 speciem
349 775 612 825 aspernetur.
671 771 703 812 X
740 771 889 811 deinde
924 771 959 811 si
993 771 1290 811 contendimus
1325 786 1421 812 011111
1453 771 1509 824 Μ,
1546 772 1656 812 idem
1690 771 1828 812 dicen-

131 841 253 890 dum,
285 841 324 882 h.
353 857 386 882 e.
419 845 539 895 patet
571 841 774 896 cognatio
809 842 918 895 ipsa,
953 842 1060 882 latet
1092 841 1267 896 graduS,
1300 842 1426 896 idque
1460 857 1509 883 eo
1543 842 1681 897 magis
1715 841 1827 895 quod

129 912 305 953 omnino
333 912 406 953 ubi
429 912 682 966 quandoque
711 914 853 952 ortum
881 912 938 952 sit
964 911 1287 952 dimidiatorum
1315 913 1509 954 codicum
1536 927 1669 967 genus
1698 911 1828 953 nesci—

130 997 236 1023 mus.
294 982 447 1036 quodsi
481 983 624 1023 missis
657 982 857 1023 inanibus
890 981 957 1022 his
991 983 1104 1023 curis
1144 983 1421 1024 subsistimus
1461 984 1504 1023 in
1543 983 1829 1036 comparanda

128 1051 223 1106 ipsa
255 1051 297 1093 M
338 1056 381 1093 et
413 1051 452 1093 X
485 1053 681 1094 codicum
719 1053 952 1106 scriptura,
995 1068 1079 1094 non
1120 1068 1295 1107 prorsus
1335 1054 1505 1108 quidem
1551 1053 1702 1094 inutile
1748 1053 1829 1093 hoc

126 1137 262 1178 genus
305 1137 397 1164 esse
437 1122 647 1164 videmus:
693 1126 875 1178 possunt
918 1124 1017 1165 hinc
1058 1116 1238 1165 ‘lacunae
1284 1125 1509 1179 quaedam,
1557 1139 1663 1178 quae
1704 1125 1746 1165 111
1785 1123 1827 1164 M

128 1193 385 1246 acciderunt,
419 1194 569 1235 sarciri
597 1195 735 1248 (velut
763 1194 834 1248 lV,
867 1196 930 1249 12,
957 1196 1001 1249 23
1033 1194 1084 1249 V,
1110 1197 1148 1249 2,
1178 1195 1234 1251 7),
1264 1199 1447 1250 possunt
1473 1195 1712 1250 singulares
1741 1194 1830 1248 qui-

127 1264 226 1306 dam
263 1265 347 1306 loci
387 1268 502 1306 recte
542 1266 627 1306 iam
666 1266 873 1307 constitui
915 1277 969 1314 (v.
1003 1267 1135 1306 etiam
1172 1264 1389 1307 Streicher
1420 1281 1459 1320 p.
1493 1266 1571 1306 132
1585 1264 1678 1321 sq).
1740 1265 1831 1305 uni-

127 1350 296 1377 versam
329 1338 475 1377 tamen
509 1336 734 1390 utriusque
768 1337 938 1391 generis
972 1337 1211 1377 bonitatem
1245 1337 1279 1377 si
1313 1340 1505 1391 spectas,
1535 1336 1668 1391 longo
1702 1336 1830 1376 inter-

127 1406 242 1447 vallo
269 1407 430 1448 distare
451 1406 489 1447 X
518 1421 543 1446 a
562 1406 606 1447 M
627 1421 713 1448 non
740 1407 903 1461 poteris
930 1421 1017 1448 non
1042 1407 1307 1462 intellegere,
1334 1421 1465 1461 eaque
1493 1406 1536 1447 M
1564 1406 1832 1461 praestantia

129 1480 219 1518 tam
251 1478 482 1518 manifesta
515 1481 581 1518 est
612 1481 661 1518 ut
699 1492 751 1518 ne
785 1478 1079 1532 exemplorum
1119 1478 1290 1532 quidem
1331 1478 1655 1519 confirmatione
1694 1481 1830 1533 egeat.

130 1563 238 1604 quae
272 1563 369 1589 cum
406 1547 470 1588 ita
511 1549 617 1602 sint,
661 1548 988 1590 fundamentum
1027 1549 1181 1590 horum
1219 1549 1428 1590 librorum
1468 1545 1832 1589 emendandoru‘m

129 1622 274 1660 manet
307 1619 481 1660 omnino
515 1618 648 1660 situm
680 1620 725 1660 111
755 1618 810 1672 Μ,
842 1634 920 1660 1100
953 1619 1063 1660 alius
1096 1619 1133 1660 X
1166 1619 1335 1674 generis
1368 1633 1470 1660 usus
1505 1633 1633 1672 quam
1666 1619 1832 1673 supple-

129 1690 275 1731 menti.
344 1689 525 1744 denique
571 1689 607 1730 si
653 1690 755 1744 quid
799 1689 1018 1744 singulare
1064 1692 1184 1730 extat
1227 1693 1302 1730 aut
1346 1690 1391 1730 in
1434 1689 1469 1730 G
1511 1693 1585 1730 aut
1623 1689 1666 1730 in
1708 1689 1745 1730 R
1780 1713 1829 1718 —

131 1760 476 1814 frequentissime
509 1760 623 1801 enim
655 1760 700 1800 in
731 1763 916 1814 utroque
944 1759 1101 1814 codice,
1133 1760 1272 1815 magis
1301 1764 1447 1801 tamen
1473 1760 1517 1800 in
1546 1759 1594 1813 G,
1623 1760 1833 1801 vocabula

129 1830 299 1886 singula
338 1830 515 1885 plurax're
554 1834 915 1885 transponuntur,
960 1830 1276 1883 deformantur,
1315 1830 1578 1872 omittuntur
1613 1855 1686 1885 —‚
1723 1831 1762 1872 id
1798 1831 1833 1871 si

127 1915 274 1942 severe
307 1915 435 1957 agere
467 1902 679 1955 volumus,
712 1902 886 1942 omnino
914 1902 1223 1943 excludendum
1250 1905 1316 1943 est
1342 1904 1493 1956 utpote
1521 1901 1759 1942 refutatum
1790 1905 1833 1942 et

128 1988 153 2012 a
179 1971 222 2012 M
251 1975 294 2013 et
319 1973 372 2013 ab
400 1972 537 2013 altero
565 1972 721 2026 codice,
753 1973 1087 2014 commemoravi
1114 1964 1259 2014 tamen
1285 1973 1455 2026 saepius
1484 1987 1567 2027 quo
1596 1973 1831 2014 lectoribus

126 2043 342 2084 iudicandi
368 2043 475 2097 ipsis
501 2043 624 2085 fieret
650 2046 857 2098 potestas,
884 2044 958 2085 sed
985 2043 1076 2085 sine
1098 2044 1345 2085 constantia
1371 2044 1518 2099 legeve
1541 2044 1639 2085 ulla.
1682 2046 1833 2085 contra

127 2193 378 2229 bibliothecae
406 2193 713 2229 Nostradamensi
746 2206 767 2229 a
795 2194 950 2230 Claudio
975 2195 1078 2240 Joly,
1119 2195 1222 2230 cuius
1257 2207 1348 2230 avus
1374 2195 1559 2230 Antonius
1592 2195 1732 2239 Loisel,
1772 2195 1835 2229 ad-

127 2243 280 2276 vocatus
295 2241 845 2288 0010001·1·1111118(1536-1617),
867 2254 950 2277 011111
964 2243 1183 2287 possederat
1197 2246 1243 2287 (v.
1258 2243 1295 2278 L.
1309 2243 1447 2278 Delisle
1471 2243 1566 2277 ‘cab
1584 2243 1617 2278 d.
1635 2244 1833 2277 manuscr.⁷

129 2289 142 2322 1
170 2301 203 2333 p.
226 2293 313 2332 431,
332 2294 370 2333 3,
409 2289 451 2324 A.
472 2289 651 2323 Franklin
687 2290 760 2324 ‘les
793 2302 873 2325 ane.
902 2290 991 2324 bibl.
1026 2290 1071 2324 de
1098 2290 1223 2324 Paris'
1253 2291 1268 2324 I
1294 2303 1328 2335 p.
1350 2294 1428 2335 32):
1468 2291 1500 2325 is
1532 2291 1629 2324 unde
1662 2290 1836 2324 habuerit

126 2335 299 2371 nescitur.
344 2336 383 2370 in
408 2336 678 2372 bibliothecam
703 2337 904 2372 maximam
925 2337 1144 2381 Parisinam,
1171 2340 1251 2370 tum
1271 2338 1424 2382 regiani,
1452 2349 1526 2372 una
1546 2350 1628 2371 cum
1650 2337 1835 2382 plerisque

128 2383 318 2418 codicibus
345 2383 725 2418 Nostradamensibus
758 2385 861 2419 venit
886 2396 917 2418 a.
942 2389 1042 2419 1756.
1074 2406 1113 2409 -—
1143 2386 1306 2419 ceterum
1338 2396 1382 2419 ex
1416 2385 1583 2419 Parisino
1617 2385 1743 2419 codice
1776 2385 1833 2418 ve]

129 2430 254 2474 potius
274 2441 318 2465 ex
339 2430 417 2465 eius
439 2432 654 2476 apographo
669 2431 795 2475 aliquo
812 2431 1001 2466 derivatus
1016 2434 1073 2466 est
1087 2433 1198 2466 codem
1216 2433 1438 2467 Turonensis
1453 2436 1520 2466 683
1537 2444 1632 2466 saec.
1649 2431 1836 2476 Xssgxssss

128 2476 232 2512 cuius
257 2479 362 2512 extat
387 2478 588 2523 descriptio
614 2478 652 2512 in
678 2478 759 2514 Car.
781 2479 936 2513 'I‘huroti
962 2478 1091 2513 libello
1119 2478 1301 2523 singulari
1328 2490 1359 2513 a.
1384 2482 1476 2513 1874
1503 2478 1656 2513 Parisiis
1689 2479 1834 2513 emisso.

128 2534 238 2566 quein
263 2524 384 2558 virum
409 2525 703 2559 eruditissimum
730 2526 886 2560 latuisse
911 2537 995 2560 eam
1015 2537 1127 2570 quam
1147 2525 1223 2558 dixi
1245 2525 1404 2560 Parisini
1426 2529 1463 2561 et
1483 2526 1708 2560 Turonensis
1735 2526 1834 2560 codi-

129 2581 212 2603 cum
250 2571 431 2605 rationem
470 2572 602 2606 mirum
637 2584 710 2607 non
748 2576 820 2608 est:
862 2573 1005 2608 scilicet
1043 2573 1207 2607 latuerat
1244 2584 1328 2607 eum
1366 2573 1445 2618 ipse
1478 2573 1679 2607 Parisinus.
1731 2573 1835 2607 cuius

129 2616 367 2651 collationem
394 2630 416 2652 a
442 2630 499 2653 me
531 2620 671 2654 factam
705 2631 787 2654 cum
815 2632 846 2655 a.
870 2623 959 2654 1882
995 2620 1257 2654 contenderem
1289 2631 1373 2654 011111
1406 2621 1485 2666 ipso
1518 2620 1742 2664 Turonensi,
1779 2632 1836 2655 res

129 2667 207 2697 tam
247 2664 388 2708 liquido
427 2666 602 2710 apparuit
634 2669 675 2700 ut
707 2667 836 2701 statim
870 2667 967 2701 hunc
998 2678 1147 2712 prorsus
1181 2667 1384 2703 abicerem:
1423 2681 1455 2702 v.
1483 2679 1579 2712 quae
1612 2667 1765 2713 exposui
1799 2668 1837 2701 in

132 2710 339 2757 ‘Melanges
361 2711 498 2746 Granx’
528 2725 562 2757 p.
585 2718 651 2747 169
667 2726 732 2758 sq.,
759 2725 854 2759 quae
881 2715 912 2747 si
939 2726 1030 2759 opus
1058 2714 1117 2758 sit,
1144 2714 1254 2748 facile
1281 2715 1420 2759 possim
1440 2727 1587 2761 augere.
1618 2737 1646 2739 Α
1674 2717 1837 2749 ceterum

129 2759 221 2793 alter
240 2761 351 2794 codeoe
367 2760 588 2795 Turonensis
607 2772 717 2804 quem
737 2772 779 2796 ex
794 2761 974 2796 Haenelio
996 2761 1126 2795 attulit
1141 2761 1256 2796 Orelli
1277 2763 1427 2806 (praeff¹
1446 2775 1480 2808 p.
1496 2763 1590 2806 LID:
1615 2763 1725 2797 ‘saecu
1741 2762 1834 2797 XIV.

130 2806 282 2841 membr.
309 2806 402 2848 fol.⁷‚
440 2806 550 2840 hodie
584 2806 660 2840 11110
693 2819 764 2842 11011
799 2811 918 2844 extat:
957 2808 1055 2842 furto
1092 2807 1195 2841 illinc:
1233 2808 1385 2853 plurimi
1417 2810 1562 2844 codices
1596 2820 1618 2843 a
1650 2809 1836 2844 Gulielmo

131 2853 232 2887 Libri
258 2855 343 2898 post
367 2853 538 2888 Haenelii
571 2856 738 2898 tempora
771 2857 857 2889 sunt
889 2854 1070 2889 abstracti
1096 2857 1142 2899 (V.
1164 2855 1202 2890 L.
1225 2856 1363 2891 Delisle
1392 2857 1558 2891 ‘Notices
1591 2858 1628 2890 et
1653 2856 1833 2891 Extraits'

129 2901 155 2935 t.
177 2900 305 2944 XXXI,
331 2908 357 2936 1.
387 2905 488 2935 1584.
516 2914 549 2946 p.
573 2905 639 2935 159
655 2907 734 2946 sq.).
779 2902 840 2936 vix
868 2904 992 2936 autem
1020 2902 1082 2937 ille
1115 2902 1229 2936 fuerit
1261 2914 1355 2939 saec.
1377 2905 1477 2948 XIV,
1512 2904 1575 2938 sed
1608 2903 1732 2949 potius
1759 2904 1835 2948 XV,

130 2947 152 2982 1.
175 2958 203 2982 e.
231 2947 439 2993 descriptus
466 2959 509 2982 ex
537 2948 632 2983 Med.
655 2950 709 2992 49,
733 2952 762 2984 7.
809 2951 921 2994 atque
948 2949 1096 2983 omnino
1124 2949 1367 2985 diffidendum
1396 2951 1530 2985 aetatis
1558 2951 1835 2986 definitionibus

130 3005 223 3038 quas
262 2995 439 3030 exhibent
476 2995 639 3041 catalogi
680 2996 917 3032 vetustiores:
956 2996 1060 3030 velut
1095 3007 1205 3040 quem
1237 3008 1331 3033 saec.
1360 2999 1426 3033 XII
1460 2998 1660 3043 adscripsit
1694 2999 1834 3033 Haencl

129 3042 284 3077 codicem
321 3043 590 3088 Βίων-1907130111
622 3047 688 3076 257
729 3050 775 3087 (v.
812 3043 927 3078 Orelli
959 3043 1076 3088 1.0.>,
1115 3044 1146 3078 is
1184 3055 1315 3089 reapse
1355 3058 1449 3081 saec.
1479 3041 1540 3080 XV
1581 3045 1742 3091 scriptus
1782 3049 1838 3079 cst

130 3090 176 3133 (v.
197 3088 238 3124 E.
260 3088 458 3124 Chatelain
483 3101 594 3124 revue
622 3090 667 3124 de
694 3090 822 3135 philol.
850 3091 927 3126 VII.
958 3093 1059 3126 1883.
1085 3104 1120 3136 p.
1141 3093 1212 3136 95).
1259 3093 1356 3136 quod
1378 3093 1545 3127 taedium
1565 3093 1656 3126 mihi
1677 3093 1748 3138 ipsi
1773 3104 1838 3138 per

129 3135 265 3170 itinera
290 3147 373 3170 mea
400 3137 632 3171 subeundum
659 3138 731 3171 fuit
757 3139 912 3183 decepto
939 3138 1123 3172 eiusmodi
1149 3139 1323 3185 numeris,
1350 3140 1386 3173 id
1415 3152 1498 3174 cnm
1519 3140 1718 3174 lectoribus
1740 3152 1835 3173 com-

132 3183 320 3218 municare
347 3196 430 3217 cnm
456 3184 581 3229 nolim⁷
610 3186 700 3219 haec
728 3198 800 3218 non
826 3196 1038 3230 persequor,
1066 3186 1236 3229 quamvis
1264 3188 1390 3232 ampla
1417 3188 1466 3222 sit
1491 3187 1675 3222 materies.

1501 3248 1549 3282 b
