2242 3496
359 122 444 163 264
956 118 1002 151 Μ.
1031 115 1171 150 TVLLI
1197 113 1447 149 CICERONIS

1033 244 1191 287 XXIV.
1237 244 1372 301 (430.)

545 355 553 363 =
604 340 870 385 PLANCVS
903 338 1018 381 IMP.
1051 337 1168 383 cos
1200 336 1324 380 DES.
1359 337 1398 380 s,
1432 338 1481 381 D.
1514 338 1804 383 cioERONI.

477 440 631 480 Facere
670 451 755 477 non
792 449 986 490 possum,
1026 432 1128 488 quin
1165 433 1211 474 in
1249 434 1442 489 singulas
1481 449 1547 476 res
1588 435 1825 490 meritaque
1864 439 1940 478 tua
1972 437 2053 479 tibi

361 511 521 565 gratias
555 522 697 563 agam,
730 506 803 547 sed
836 504 1099 546 mehercules
1131 504 1242 546 facio
1277 519 1373 546 cum
1405 505 1583 560 pudore3
1615 520 1752 560 neque
1785 507 1899 548 enim
1931 510 2054 550 tanta

361 579 638 632 11‹·cessitud0‚
672 579 875 631 quantam
909 579 956 617 tu
982 575 1088 617 mihi
1115 579 1255 617 tecum
1283 590 1375 617 esse
1401 576 1590 632 voluisti,
1622 576 1861 619 desiderare
1888 577 2055 620 videtur

361 651 595 706 gratiarum
629 648 854 702 actionem,
886 662 1023 701 neque
1058 660 1137 702 ego
1170 647 1367 689 lubenter
1392 662 1470 703 pro
1498 648 1697 690 maximis
1724 649 1810 691 tuis
1836 648 2055 691 beneficiis

360 725 449 763 tam
483 720 557 761 vili
589 733 763 760 munere.
796 717 1007 773 defungor
1040 718 1270 772 orationis,
1311 721 1354 759 et
1387 719 1500 761 malo
1533 733 1735 774 praesens
1769 719 2056 775 observantia,

362 791 645 846 indulgentia,
684 789 943 831 adsiduitate
983 803 1216 831 memorem
1256 805 1322 831 me
1362 790 1444 831 tibi
1476 791 1670 844 probare.
1735 791 1848 845 quod
1881 791 1917 832 si
1949 791 2057 833 mihi

361 863 449 903 vita
487 861 737 916 contigerit,
781 861 920 902 omnis
965 863 1113 916 gratas
1159 860 1372 903 amicitias
1415 864 1543 916 atque
1586 862 1717 904 etiam
1754 862 1848 917 pias
1886 862 2058 917 propin-

361 929 549 987 quitates
583 933 626 973 in
657 934 733 973 tua
766 932 1058 988 opsewantia,
1092 931 1379 988 indulgentia7
1421 933 1680 974 adsiduitate
1713 933 1898 987 vincam3
1937 948 2058 975 amor

361 1004 473 1045 enim
514 1006 612 1044 tuus
646 1018 694 1044 ac
732 1002 938 1044 iudicium
977 1003 1026 1043 de
1065 1018 1131 1044 me
1165 1005 1310 1044 utrum
1348 1003 1455 1045 mihi
1493 1003 1589 1058 plus
1628 1004 1855 1059 dignitatis
1888 1004 1932 1045 in
1964 1018 2058 1059 per-

315 1095 333 1119 ῳ
361 1078 539 1129 petuum
573 1089 626 1115 an
658 1074 895 1129 voluptatis
929 1074 1086 1116 cotidie
1111 1074 1178 1115 'sit
1210 1074 1438 1130 allaturus,
1478 1089 1564 1116 non
1595 1074 1720 1117 facile
1754 1075 1946 1118 dixerim.
2008 1075 2058 1117 de

362 1145 548 1187 militum
588 1143 821 1187 commodis
861 1144 944 1186 fuit
981 1144 1062 1186 tibi
1105 1159 1249 1200 curae3
1293 1160 1400 1200 quos
1439 1159 1520 1200 ego
1557 1160 1643 1187 non
1684 1146 1901 1200 potentiae
1941 1161 2059 1188 meae

361 1231 489 1258 causa
520 1240 578 1246 —
608 1215 717 1257 nihil
763 1216 877 1257 enim
921 1231 988 1256 me
1034 1230 1120 1257 non
1165 1215 1413 1257 salutariter
1458 1217 1649 1272 cogitare
1695 1217 1782 1259 scio
1821 1241 1880 1247 —
1917 1217 2060 1258 ornari

362 1287 477 1329 volui
509 1302 532 1328 a
565 1290 733 1340 senatu,
773 1287 845 1328 sed
884 1287 1091 1341 primum,
1132 1287 1245 1341 quod
1283 1287 1347 1328 ita
1386 1287 1564 1329 meritos
1604 1287 1864 1343 iudicabam,
1902 1288 2065 1343 deinde,

363 1359 475 1412 quod
510 1359 561 1399 ad
595 1358 734 1399 omnis
768 1372 891 1399 casus
926 1357 1244 1399 coniunctiores
1278 1358 1340 1399 rei
1370 1373 1410 1413 p.
1443 1373 1535 1400 esse
1569 1359 1785 1414 volebam,
1823 1359 2068 1413 novissime,

364 1432 410 1471 ut
445 1429 498 1470 ab
532 1429 649 1471 omni
682 1428 875 1471 omnium
909 1429 1217 1471 sollicitatione
1248 1444 1420 1472 aversos
1455 1445 1526 1472 eos
1559 1430 1660 1472 talis
1694 1430 1815 1472 vobis
1849 1432 2068 1485 praestare

318 1514 325 1540 s
365 1515 548 1555 possem,
583 1500 729 1554 quales
764 1500 901 1542 adhuc
931 1500 1117 1542 fuerunt.
1175 1515 1254 1542 nos
1288 1500 1426 1543 adhuc
1458 1501 1528 1543 hic
1562 1502 1707 1543 omnia
1738 1502 1909 1557 integra
1943 1501 2069 1543 susti·

364 1572 553 1613 nuimus:
587 1572 701 1626 quod
729 1571 955 1613 consilium
985 1574 1195 1626 nostrum,
1229 1571 1323 1627 etsi,
1357 1575 1518 1627 quanta
1545 1573 1602 1614 sit
1635 1572 1817 1614 aviditas
1844 1573 2069 1615 hominum

363 1658 449 1685 non
485 1643 575 1685 sine
609 1657 737 1684 causa
769 1643 908 1697 †talis
947 1643 1174 1698 victoriae,
1214 1643 1321 1697 scio,
1367 1646 1512 1685 tamen
1550 1644 1672 1686 vobis
1712 1643 1888 1698 probari
1926 1658 2070 1699 spero3

363 1730 449 1756 non
483 1715 613 1768 enim,
653 1714 688 1755 si
722 1714 823 1768 quid
855 1713 900 1755 in
931 1714 999 1755 his
1040 1713 1299 1756 exercitibus
1333 1715 1390 1756 sit
1423 1715 1651 1769 offensum,
1688 1729 1847 1771 magna
1880 1715 2072 1757 subsidia

366 1800 432 1827 res
464 1801 503 1840 p.
535 1785 668 1826 habet
701 1784 919 1839 expedita,
961 1785 1115 1840 quibus
1157 1785 1302 1828 subito
1342 1786 1507 1840 impetu
1546 1801 1595 1828 ac
1632 1785 1862 1829 latrocinio
1894 1786 2069 1841 parrici-

367 1858 517 1898 darum
556 1856 741 1897 resistat.
806 1856 952 1911 eopias
993 1871 1093 1898 vero
1132 1859 1304 1898 nostras
1350 1859 1476 1898 notas
1522 1856 1602 1898 tibi
1645 1872 1738 1899 esse
1777 1858 1982 1899 arbitror:
2027 1857 2071 1898 in

368 1927 522 1970 castris
568 1927 674 1968 meis
720 1927 911 1983 legiones
955 1930 1057 1969 sunt
1097 1930 1325 1969 veteranae
1368 1933 1475 1983 tres,
1518 1927 1730 1983 tironum,
1775 1929 1841 1970 vel
1885 1928 2073 1971 luculen-

370 1997 537 2040 tissima
568 2012 619 2039 ex
652 1998 862 2052 omnibus,
895 2013 997 2053 una3
1029 1999 1073 2039 in
1103 1999 1254 2040 castris
1281 1999 1408 2041 Bruti
1434 2014 1519 2040 una
1545 2002 1750 2041 veterana
1775 2000 1903 2055 legio,
1935 2000 2072 2042 altera
2109 2014 2124 2039 5

486 2131 516 2161 3.
544 2126 751 2171 meritaque
778 2127 868 2171 HD,
901 2138 1075 2172 meraque
1101 2128 1148 2162 M
1177 2129 1188 2173 Η
1220 2131 1251 2162 4.
1279 2127 1507 2163 mehercules
1540 2130 1579 2162 Ψ
1606 2128 1661 2172 (in
1687 2127 1736 2162 M
1755 2132 1875 2162 tamen
1901 2139 1916 2162 s
1942 2130 2072 2173 erasa),

368 2174 577 2209 mehercule
603 2176 670 2209 (ιῖἰῖιῖ
690 2175 701 2219 Η
721 2178 751 2209 6.
782 2173 967 2210 actionem
995 2176 1047 2210 bis
1072 2176 1246 2220 scriptum
1274 2177 1313 2210 in
1338 2176 1387 2210 M
1391 2204 1401 2219 2
1427 2177 1487 2211 sed
1513 2177 1665 2211 alterum
1692 2176 1758 2210 del.
1786 2176 1854 2210 Μο
1872 2178 1883 2219 ΙΙ
1901 2175 2074 2211 lubenter

368 2233 433 2266 pro
460 2221 632 2256 maximis
665 2221 739 2256 tuis
772 2222 891 2257 benef.
919 2223 978 2266 M,
1012 2222 1173 2257 libenter
1204 2222 1410 2268 proximam
1444 2222 1552 2258 istius
1584 2222 1704 2257 benef.
1733 2222 1790 2266 H,
1821 2222 1983 2257 libenter
2006 2234 2072 2268 pro

368 2269 514 2303 eximiis
549 2269 624 2303 tuis
655 2269 775 2304 benef.
808 2270 846 2303 Ι)
883 2271 894 2314 ΙΙ
932 2273 962 2305 8.
996 2269 1248 2316 indulgentia]
1284 2270 1483 2315 diligentia
1515 2271 1735 2314 Lambinus,
1767 2269 1953 2305 industria
1978 2271 2074 2306 Boot

369 2318 470 2352 e‘obs.
497 2318 591 2352 erit)
621 2329 655 2361 p.
677 2318 736 2361 21)
763 2318 774 2361 ΙΙ
801 2316 1070 2352 adsiduitatem
1097 2318 1145 2351 M
1170 2320 1181 2363 ΙΙ
1215 2322 1268 2353 10.
1296 2317 1335 2351 in
1360 2320 1426 2352 tua
1453 2329 1483 2353 o.
1511 2317 1534 2353 i.
1563 2317 1659 2363 ads]
1692 2322 1875 2363 tamquam
1901 2322 2074 2364 corrupta

369 2366 508 2399 notavit
545 2365 652 2399 verba
690 2365 838 2407 Baiter,
876 2365 1028 2400 delenda
1065 2370 1280 2400 censuerunt
1319 2365 1453 2401 Gruter
1489 2364 1578 2411 (Cic.
1615 2377 1666 2409 ep.
1702 2377 1789 2400 vers.
1826 2365 1943 2400 Germ.
1978 2366 2027 2400 W
2027 2367 2073 2400 ie-

370 2413 467 2446 land.
497 2416 518 2446 t.
546 2411 623 2446 VII.
667 2412 794 2446 Turiei
822 2416 923 2447 1821.
946 2425 983 2457 p.
1006 2414 1089 2458 434)
1114 2417 1146 2448 et
1173 2413 1392 2459 Vsesenbery.
1441 2423 1524 2447 mea
1557 2411 1596 2446 in
1627 2413 1665 2447 te
1697 2423 1728 2447 o.
1763 2411 1961 2458 diligentia
1994 2413 2072 2448 ads.

369 2460 589 2501 Lambinus,
621 2460 751 2493 mutua
784 2470 814 2494 o.
842 2458 863 2494 i.
899 2460 976 2494 ads.
1006 2460 1134 2504 Klotzj
1166 2459 1205 2494 in
1236 2459 1293 2494 tui
1325 2471 1356 2495 o.
1389 2461 1468 2505 (del.
1496 2460 1519 2496 i.
1547 2459 1641 2504 ads)
1670 2460 1800 2503 Orelli,
1831 2461 1961 2494 mutuo
1994 2461 2073 2505 (del.

371 2517 401 2540 o.
423 2506 445 2541 i.
469 2506 562 2549 ada)
591 2506 784 2541 Gitlbauer
811 2507 848 2551 (l.
870 2518 897 2542 c.
925 2520 958 2551 q).
981 2509 1074 2552 252).
1115 2519 1175 2553 eqo
1202 2509 1431 2551 offeo'zwssiouem
1456 2519 1531 2543 nowv
1556 2518 1721 2553 agynosco,
1745 2508 1787 2542 in
1806 2508 1945 2543 Planco
1966 2519 2073 2552 prae-

369 2555 487 2588 sertim
515 2554 526 2598 Ι)
556 2553 811 2588 adsuiduitate
844 2555 893 2588 M
925 2557 935 2597 Ι]
976 2558 1029 2588 14,
1063 2566 1177 2589 causa
1210 2567 1253 2590 ωε
1287 2566 1438 2590 causam
1471 2556 1537 2590 IVIC
1574 2556 1585 2599 ΙΙ
1624 2553 1715 2601 scio]
1750 2553 1821 2590 scis
1853 2554 2045 2590 Nodellius
2065 2557 2075 2598 ’μ’

374 2604 424 2635 16.
460 2599 724 2635 coniunctioris
762 2603 802 2635 Ψ
827 2603 838 2646 ΙΙ
870 2605 925 2637 20.
960 2602 1048 2636 talis
1080 2607 1287 2647 eoo-ruptim
1304 2618 1314 2637 .·
1345 2607 1386 2637 ut
1418 2604 1559 2638 videtur
1591 2614 1634 2637 ex
1665 2602 1842 2637 adiectivo
1880 2603 2002 2647 aliquo
2034 2603 2076 2637 in

372 2647 440 2681 alis
467 2649 646 2683 desinente
673 2649 733 2693 (cf.
759 2650 915 2684 ardicam
935 2649 1228 2685 Pauckerianum
1254 2651 1294 2684 in
1321 2650 1468 2684 Kuhm'i
1493 2650 1534 2685 Z.
1561 2653 1586 2692 j'.
1614 2650 1720 2696 veryl.
1743 2649 1908 2694 Sprachf.
1927 2649 2072 2684 XXVH.

374 2698 473 2730 1885.
497 2707 534 2739 p.
558 2699 625 2729 113
639 2696 719 2741 sq.);
746 2707 821 2731 nour
846 2701 966 2732 tamen
986 2698 1107 2742 placet
1127 2697 1176 2732 H.
1211 2698 1255 2732 A.
1280 2698 1414 2732 Koehz'z·
1439 2698 1540 2742 (mus.
1564 2697 1678 2732 Rhen.
1700 2696 1777 2731 XII.
1806 2699 1907 2731 1857.
1929 2708 1969 2741 19.
1990 2698 2074 2740 268)

376 2742 510 2777 fatalis.
561 2744 649 2777 mihi
675 2743 849 2788 capitalis
873 2765 912 2768 —
939 2746 1034 2789 quod
1059 2746 1144 2779 olim
1169 2745 1309 2790 (prom.
1337 2745 1488 2780 Putbus.
1511 2747 1602 2779 1855
1623 2756 1661 2789 p.
1685 2745 1743 2787 12>
1770 2756 1793 2778 a
1821 2743 1960 2778 Kochio
1988 2755 2074 2787 pro-

370 2791 527 2833 positum
547 2791 758 2825 Lehmamw
779 2803 915 2836 «suoque
936 2794 947 2836 (
952 2804 989 2836 1¹·
1012 2793 1071 2836 60)
1094 2794 1129 2826 in
1151 2796 1298 2827 mentem
1317 2793 1426 2836 venit,
1447 2791 1652 2826 consularis
1667 2796 1786 2826 tamen
1793 2790 2018 2835 praeferenti
2032 2812 2073 2815 -—-

373 2837 511 2871 Planco
546 2849 619 2872 non
651 2839 841 2882 {mli-«smmi
874 2840 1026 2874 videtur.
1066 2840 1109 2874 ut
1134 2838 1189 2873 ais
1215 2842 1308 2875 coni.
1336 2840 1541 2882 Andresen,
1579 2840 1690 2874 deleri
1720 2838 1834 2874 volwit
1863 2838 2077 2873 vocabulum

382 2884 590 2929 Wesenberg]
618 2887 757 2930 ipseque
778 2886 881 2921 Koch
909 2887 1032 2929 Cosmi.
1057 2887 1166 2921 Tun?
1192 2899 1314 2933 proyr.
1334 2887 1434 2922 Port.
1460 2890 1550 2921 1868
1572 2899 1609 2931 p.
1631 2889 1674 2920 32
1701 2890 1734 2920 et
1758 2885 1890 2920 Philol.
1918 2885 2011 2920 Anz.
2031 2885 2073 2920 V.

381 2934 476 2965 1873.
506 2934 657 2975 ]ι.161).
701 2934 739 2966 in
767 2945 834 2978 my.
864 2932 1132 2969 Oratambrzfnae
1160 2947 1229 2979 pro
1261 2934 1442 2969 victoriae
1468 2935 1622 2978 ponitur
1652 2931 1760 2974 belli,
1796 2943 1839 2966 ea·
1870 2933 2077 2969 coniectuaa

374 2979 524 3020 pessima
552 2980 563 3021 ll
590 2985 642 3013 22.
672 2980 749 3014 sub.
777 2979 864 3025 imp.
893 2991 935 3014 ac
960 2979 1044 3015 latr.
1072 2982 1259 3024 ablativos,
1286 2994 1358 3015 mm
1382 2983 1521 3016 (latinos
1542 2984 1651 3025 putat
1671 2979 1832 3014 Schmal:
1854 2980 1966 3014 (Berl.
1983 2980 2074 3025 phil.

385 3024 626 3059 limatensem:
649 3029 733 3060 1889
750 3041 787 3072 μ
804 3029 910 3071 1632)
930 3029 942 3072 ΙΙ
961 3032 1015 3062 24.
1044 3027 1194 3062 birinum
1216 3030 1265 3063 M
1286 3028 1463 3074 (tir0num
1481 3028 1559 3071 Mr)
1579 3028 1591 3072 ΙΙ
1611 3030 1665 3061 24.
1687 3030 1742 3062 25.
1763 3025 2074 3074 luculentissima]

377 3068 669 3115 locupletissima
695 3074 903 3110 dubitanter
930 3075 1119 3110 Lehmamc
1145 3076 1286 3119 (Πύσῖι.
1312 3078 1338 3119 f.
1365 3077 1410 3111 lul.
1438 3075 1568 3110 Plaz’lol.
1597 3076 1687 3108 1885
1709 3085 1747 3119 p.
1770 3074 1875 3118 1108)

2080 948 2112 972 10

2087 1303 2120 1328 15

2090 1659 2124 1684 20
