2242 3496
674 159 1011 194 EPISTVLARVM
1041 160 1081 195 x.
1114 164 1163 195 ιιι.
1193 164 1245 194 15.
1276 164 1329 194 16.
1768 159 1853 198 ‘255

156 281 344 320 possem,
384 267 447 307 vel
482 268 595 321 quod
628 268 839 310 exercitus
875 268 1021 322 Lepidi
1057 283 1149 309 eain
1184 271 1368 322 partem,
1411 282 1518 321 quae
1552 270 1756 321 corrupta
1787 270 1852 307 est

154 342 197 378 et
229 338 283 378 ab
317 353 360 378 rc
393 353 432 392 p.
465 338 668 392 alienata,
710 343 753 379 ct
790 339 1004 393 corrigere
1038 343 1081 379 et
1114 353 1307 380 coercere
1347 338 1590 392 praesentia
1623 336 1704 378 mci
1739 352 1851 377 cxvi·-

154 408 266 450 citus
292 423 474 462 possem.
531 409 677 464 itaque
710 410 751 450 in
787 409 916 463 Isara,
950 409 1122 450 flumine
1151 410 1348 458 inaximo,
1382 409 1494 463 quod
1528 409 1570 449 in
1603 408 1760 449 finibus
1787 411 1851 448 est

156 479 463 534 Allobrogum,
515 484 643 534 ponte
691 495 773 521 uno
819 481 884 521 die
936 481 1050 521 sacto
1101 481 1333 522 exercituin
1368 496 1403 521 a.
1436 481 1472 521 (l.
1508 492 1576 521 1111
1613 479 1711 520 Idus
1753 478 1849 519 Mai.

117 564 133 588 5
154 549 336 590 traduxi.
395 565 490 591 cum
524 566 622 591 vero
658 550 761 592 inihi
795 551 1040 591 nuntiatum
1076 555 1189 591 esset
1228 551 1268 593 L.
1298 551 1533 592 Antonium
1567 550 1849 604 praemissum

154 634 250 661 cum
284 621 503 675 equitibus
537 626 580 662 et
613 621 864 663 cohortibus
898 622 949 662 ad
983 621 1142 662 Forum
1176 622 1274 662 Iulii
1314 622 1499 674 venisse,
1537 622 1715 662 fratrem
1755 636 1850 662 cuni

153 691 347 745 equitum
380 696 587 746 quattuor
621 692 813 745 milibus,
847 697 894 733 ut
927 695 1171 734 occurreret
1204 693 1255 746 ei,
1287 693 1384 733 misi
1418 708 1452 734 a.
1480 694 1515 733 d.
1545 705 1571 733 v
1598 692 1699 733 Idus
1734 691 1852 745 Mai.3

154 762 244 816 ipse
291 763 488 804 maximis
533 763 760 804 itineribus
805 778 900 804 cum
943 775 1009 803 1111
1050 758 1294 817 legionibus
1340 763 1549 818 expeditis
1598 767 1641 804 et
1685 763 1850 817 reliquo

153 833 352 887 equitatu
384 834 633 888 subsequar.
691 834 727 874 si
759 849 838 875 nos
872 833 1097 874 inediocris
1131 834 1257 874 modo
1290 834 1463 875 fortuna
1498 835 1556 875 rei
1583 850 1621 888 p.
1655 834 1851 887 adiuerit,

102 919 135 943 ιο
153 907 198 945 et
229 904 429 946 audaciae
467 904 736 959 perditorum
769 907 813 945 et
844 907 1017 945 nostrae
1057 904 1361 945 sollicitudinis
1400 905 1468 946 hic
1508 906 1634 946 finem
1675 904 1851 959 reperie-

152 989 267 1029 mus,
306 975 419 1030 quod
458 975 494 1016 si
532 975 645 1016 latro
683 975 963 1031 praecognito
1003 978 1153 1016 nostro
1193 975 1375 1017 adventu
1417 991 1564 1017 rursus
1602 975 1645 1016 in
1678 975 1850 1016 Italiam

153 1060 198 1088 se
230 1046 418 1101 recipere
451 1046 659 1100 coeperit,
698 1045 824 1087 Bruti
857 1045 940 1086 erit
973 1045 1164 1087 officium
1204 1060 1424 1087 occurrere
1458 1047 1513 1099 ei,
1553 1045 1621 1087 cui
1654 1046 1741 1087 scio
1774 1061 1852 1087 nec

153 1117 382 1159 consilium
432 1131 509 1159 nec
560 1118 751 1158 animum
803 1116 1072 1171 defuturum3
1121 1130 1201 1172 ego
1253 1120 1418 1171 tamen,
1469 1118 1501 1157 si
1550 1117 1589 1157 id
1636 1117 1850 1160 acciderit.

153 1188 328 1230 fratrem
369 1203 465 1230 cum
505 1189 700 1243 equitatu
733 1188 925 1240 mittam,
963 1188 1036 1242 qui
1076 1191 1298 1243 sequatur,
1341 1188 1508 1229 ltaliam
1548 1204 1572 1229 a
1612 1189 1850 1229 vastatione

100 1272 133 1297 15
152 1258 364 1301 defendat.
426 1259 494 1302 fac
526 1259 669 1301 valeas
703 1274 854 1314 meque
888 1262 1038 1301 mutuo
1071 1259 1238 1314 diligas.

851 1389 967 1431 XVI.
1020 1387 1156 1446 (414.)

761 1483 973 1526 CICERO
1007 1483 1251 1525 PLANCO.

271 1579 392 1621 Nihil
433 1583 531 1633 post
567 1578 790 1621 hominum
833 1580 1085 1620 memoriam
1128 1578 1378 1634 gloriosiuS,
1423 1578 1529 1619 nihil
1570 1580 1756 1633 gratius,
1798 1594 1850 1620 ne

151 1654 345 1705 ternpore
379 1651 551 1706 quidem
583 1651 678 1706 ipso
712 1651 998 1706 opportunius
1032 1650 1222 1692 accidere
1254 1650 1340 1691 vidi
1376 1665 1500 1703 quam
1536 1653 1652 1704 tuas,
1684 1649 1853 1701 Plance,

100 1738 133 1760 κο
153 1721 342 1776 litteras;
374 1722 564 1764 redditae
598 1725 699 1763 sunt
731 1723 846 1763 enim
877 1721 1093 1776 frequenti
1120 1724 1272 1763 senatu
1299 1719 1504 1775 Cornuto,
1537 1736 1633 1762 cum
1666 1721 1702 1761 is
1735 1721 1853 1776 frigi-

152 1793 227 1834 das
265 1807 368 1835 sane
400 1796 444 1835 et
474 1793 759 1835 inconstantis
799 1793 1026 1834 recitasset
1063 1792 1233 1833 litteras
1267 1791 1437 1846 Lepidi;
1476 1791 1554 1833 sul')
1595 1806 1664 1833 eas
1704 1792 1851 1833 statim

153 1864 357 1906 recitatae
385 1867 486 1906 sunt
510 1866 624 1920 tuae,
655 1879 741 1906 non
774 1864 865 1906 sine
892 1864 1062 1920 magnis
1091 1864 1263 1919 quidem
1291 1863 1569 1918 clamoribus3
1603 1877 1699 1904 cum
1726 1864 1852 1904 rebus

152 1935 266 1977 enim
309 1935 416 1990 ipsis
461 1939 605 1977 essent
649 1939 692 1977 et
735 1935 890 1976 studiis
935 1935 1240 1989 beneficiisque
1280 1934 1324 1975 in
1362 1949 1452 1975 rem
1489 1950 1528 1989 p.
1568 1934 1854 1989 gratissimae,

152 2010 246 2047 tum
272 2008 395 2048 erant
420 2007 690 2062 gravissimis
717 2007 860 2049 verbis
892 2021 941 2048 ac
974 2006 1214 2048 sententiis,
1266 2005 1463 2061 flagitare
1491 2009 1665 2047 senatus
1692 2006 1853 2047 institit

99 2090 134 2115 25
154 2075 413 2132 Cornutum,
456 2081 506 2119 ut
544 2077 723 2119 referret
765 2078 915 2119 statim
954 2078 1004 2119 de
1043 2078 1130 2118 tuis
1170 2077 1348 2131 litteris3
1392 2076 1464 2117 ille
1502 2091 1546 2118 se
1586 2076 1854 2118 considerare

153 2148 273 2190 velle.
336 2163 433 2190 cum
465 2148 504 2190 ei
536 2163 742 2205 magnum
782 2148 1023 2190 convicium
1054 2148 1178 2189 fieret
1211 2149 1365 2188 cuncto
1399 2161 1424 2187 a
1455 2149 1625 2201 senatu,
1665 2146 1852 2201 quinque

151 2220 316 2261 tribuni
353 2219 471 2274 plebi
508 2221 781 2262 rettulerunt.
839 2219 1045 2261 Servilius
1084 2221 1264 2274 rogatus
1297 2232 1386 2259 rem
1419 2217 1606 2270 distulit3
1646 2232 1725 2272 ego
1760 2231 1852 2257 eam

153 2291 411 2333 sententiam
443 2291 543 2346 dixi,
575 2291 644 2333 cui
677 2294 778 2332 sunt
810 2290 980 2332 adsensi
1014 2290 1066 2331 ad
1098 2304 1248 2331 unum:
1282 2303 1331 2329 ea
1363 2303 1471 2342 quae
1503 2287 1645 2341 fuerit,
1677 2302 1727 2328 ex
1761 2302 1791 2328 s.
1819 2302 1851 2328 c.

152 2376 399 2418 cognosces.
461 2364 527 2415 tu,
569 2376 831 2416 quamquam
874 2361 1053 2403 consilio
1092 2375 1178 2402 non
1220 2373 1319 2414 eges
1358 2359 1424 2400 vel
1464 2358 1655 2400 abundas
1693 2358 1851 2412 potius,

99 2445 134 2470 30
152 2435 298 2474 tamen
336 2432 418 2474 hoc
456 2432 600 2473 animo
640 2446 731 2473 esse
771 2432 919 2486 debes,
956 2434 1005 2472 ut
1040 2431 1149 2472 nihil
1188 2430 1271 2471 huc
1310 2429 1460 2471 reicias
1499 2443 1604 2470 neve
1643 2429 1686 2469 in
1724 2429 1851 2469 rebus

153 2506 242 2544 tam
280 2502 438 2544 subitis
477 2506 651 2557 tamque
691 2502 886 2558 angustis
926 2517 951 2543 a
989 2503 1141 2543 senatu
1179 2501 1407 2542 consilium
1444 2500 1675 2554 petendum
1713 2502 1852 2553 putes,

152 2574 242 2628 ipse
288 2573 369 2614 tibi
415 2574 474 2615 sis
516 2577 710 2628 senatus,
755 2587 1024 2627 quocumque
1064 2575 1106 2613 te
1145 2572 1256 2613 ratio
1295 2571 1357 2613 rei
1395 2587 1436 2626 p.
1473 2571 1616 2624 ducet,
1661 2584 1851 2624 sequare,

271 2706 302 2738 1.
328 2701 491 2747 possem]
518 2712 709 2746 possemus
738 2701 929 2736 Gitlbauer
953 2700 1119 2745 (lViener
1145 2699 1247 2734 stud.
1274 2699 1287 2732 I
1310 2711 1348 2743 p.
1370 2700 1430 2744 87)
1459 2701 1470 2743 ll
1502 2702 1533 2733 2.
1561 2699 1598 2732 et
1623 2707 1788 2732 coercere
1815 2698 1852 2731 et

152 2749 336 2795 corrigere
357 2749 409 2789 ..LI
443 2750 455 2792 ΙΙ
492 2752 523 2784 3.
556 2759 706 2803 possem
736 2748 837 2791 MD,
874 2758 982 2792 posse
1018 2747 1070 2791 II,
1106 2747 1234 2808 possete
1262 2745 1407 2800 Baiter·
1429 2747 1440 2790 ΙΙ
1478 2749 1509 2780 4.
1537 2745 1607 2803 rm]
1634 2756 1683 2807 uu
1708 2746 1773 2797 98].
1787 2756 1850 2778 vm

153 2797 199 2832 B.
220 2797 325 2832 Nake
351 2797 426 2841 Cale
446 2797 575 2831 Plance
604 2800 636 2831 et
664 2795 735 2830 Cve.
762 2796 829 2840 ep.'
855 2806 894 2839 p.
915 2796 982 2839 13).
1015 2794 1060 2838 cf.
1082 2793 1198 2828 Ruete
1243 2792 1341 2828 Corr.
1365 2793 1452 2828 Cle?
1477 2805 1514 2837 p.
1537 2796 1576 2825 ol
1600 2794 1612 2836 ΙΙ
1632 2795 1662 2826 5.
1684 2791 1775 2825 mihi
1796 2792 1850 2835 M,

152 2890 219 2915 om.
245 2879 327 2914 HD
350 2881 362 2924 ΙΙ
388 2883 419 2914 6.
446 2879 566 2913 forum
593 2878 684 2921 HD,
711 2888 836 2912 eorum
863 2877 911 2911 M
931 2879 942 2922 ΙΙ
968 2881 999 2912 9.
1027 2875 1189 2910 adiuerit
1214 2875 1269 2917 M,
1296 2874 1484 2909 adiuuerit
1508 2874 1590 2909 HD
1613 2876 1625 2918 ss
1652 2877 1706 2909 11.
1732 2850 1850 2916 rulsus,

152 2938 170 2961 r
189 2939 213 2962 a
231 2939 276 2962 m.
299 2930 331 2971 1,
357 2927 412 2970 M,
438 2937 563 2960 rursus
591 2925 686 2968 HD,
712 2929 753 2960 uc
778 2926 953 2960 incertum
977 2926 1024 2959 sit
1049 2928 1135 2958 utra
1159 2924 1278 2966 forma
1303 2923 1466 2957 Plancus
1490 2932 1577 2957 usus
1602 2923 1648 2956 sit
1667 2922 1679 2965 11
1700 2924 1754 2956 14.
1781 2920 1852 2955 ita-

152 2973 244 3008 liam
267 2974 324 3019 M,
349 2973 571 3017 italiamque
592 2973 681 3008 HD.
715 2972 810 3018 (ut)
836 2970 985 3006 Italiam
1012 2971 1234 3016 Wesenberg).
1270 2972 1316 3011 cf.
1337 2970 1526 3004 Lehmann
1547 2980 1584 3013 1²·
1606 2971 1649 3002 27
1670 2970 1682 3013 ΙΙ
1701 2972 1756 3004 22.
1778 2968 1853 3003 sint

154 3020 203 3055 M
232 3022 246 3066 ΙΙ
282 3020 433 3065 quidem
464 3032 530 3056 om.
560 3021 600 3054 H
633 3022 645 3064 ΙΙ
684 3024 737 3055 23.
771 3031 846 3053 rem
879 3019 930 3064 p]
964 3029 1038 3063 rep.
1071 3019 1110 3051 Ψ
1142 3018 1154 3062 ΙΙ
1190 3020 1246 3052 24.
1279 3015 1420 3051 institit
1451 3017 1511 3059 M,
1544 3015 1712 3050 instituit
1742 3015 1843 3060 HD,

154 3071 210 3102 25.
236 3068 469 3103 considerare
496 3078 535 3103 se
562 3067 605 3101 ΙΙ
629 3070 640 3111 ΙΙ
669 3071 724 3102 27.
751 3066 872 3111 plebis
899 3066 942 3100 H
964 3069 974 3110 ΙΙ
999 3064 1207 3100 retulerunt
1231 3064 1312 3099 111)
1337 3067 1348 3106 ΙΙ
1373 3067 1428 3099 28.
1456 3063 1505 3098 ad
1530 3062 1661 3109 unum]
1686 3063 1733 3106 ef.
1759 3063 1851 3098 Leh-

154 3126 267 3151 mann
286 3127 325 3160 p.
346 3118 389 3149 82
410 3117 423 3161 ΙΙ
441 3118 496 3151 30.
523 3115 596 3150 huc
622 3115 672 3158 fl,
700 3114 785 3148 huic
811 3114 895 3148 MD
914 3115 925 3157 ΙΙ
945 3117 999 3148 31.
1027 3111 1178 3157 subitis]
1206 3110 1367 3146 subditis
1399 3113 1438 3145 Ψ

1879 2368 1897 2397 1:-
