2242 3496
379 165 464 206 372
975 159 1022 192 M.
1050 156 1187 191 TVLLI
1216 155 1466 190 CICERONIS

378 286 493 325 nem,
532 285 627 312 cum
660 267 806 310 multis
845 264 1092 320 petentibus
1132 263 1428 318 denegassem,
1469 263 1562 302 tum
1594 276 1714 318 vero,
1750 265 1904 317 postea
1941 277 2069 318 quam

379 356 544 383 mecum
576 340 620 381 in
652 339 764 380 bello
798 339 924 389 atque
957 335 1001 375 in
1038 348 1083 374 re
1117 332 1298 374 militari
1335 332 1437 387 fuit,
1475 334 1643 374 tantam
1680 333 1725 373 in
1763 348 1812 375 eo
1851 334 2070 388 virtutem,

373 411 660 466 prudentiam,
702 407 827 448 fidem
867 398 1118 457 tantamque
1159 416 1262 458 erga
1301 417 1368 443 me
1406 401 1743 444 benivolentiam
1781 403 1982 459 cognovi,
2020 406 2070 445 ut

372 482 588 523 hominem
619 477 832 519 neminem
863 474 1000 528 pluris
1032 472 1200 514 faciam.
1258 486 1355 514 eum
1388 486 1484 513 cum
1519 471 1738 515 Sardianis
1776 473 1935 516 habere
1974 488 2070 516 con-

373 551 624 593 troversiam
657 547 756 589 scis:
802 559 975 587 causam
1015 543 1096 585 tibi
1135 543 1411 598 exposuimus
1449 543 1631 598 Ephesi,
1673 559 1800 598 quam
1839 547 1888 586 tu
1923 547 2070 586 tamen

329 652 345 663 „
375 636 515 664 coram
559 618 726 660 facilius
771 615 1008 669 meliusque
1055 627 1302 669 cognosces.
1365 614 1414 655 de
1453 613 1638 670 reliquo,
1682 614 1790 656 mihi
1828 615 2069 657 mehercule

371 692 443 734 diu
474 689 650 731 dubium
683 687 777 741 fuit,
810 686 912 741 quid
944 685 998 726 ad
1029 687 1071 725 te
1103 683 1381 738 potissimum
1408 684 1660 740 scriberem3
1691 685 1758 727 ius
1786 686 1900 726 enim
1927 699 2070 740 quem-

371 761 598 803 admodum
630 759 759 813 dicas,
792 758 955 799 clarum
989 758 1031 797 et
1064 769 1222 810 magna
1255 769 1351 796 cum
1383 757 1460 796 tua
1491 755 1617 797 laude
1648 758 1803 797 notum
1835 759 1911 810 est,
1942 756 2068 798 nobis

370 834 511 873 autem
544 830 587 871 in
617 830 698 870 hac
730 843 857 871 causa
888 827 997 868 nihil
1036 826 1153 867 alind
1192 840 1299 881 opus
1338 828 1404 867 est
1441 826 1526 867 nisi
1565 829 1607 868 te
1646 826 1715 868 ius
1752 827 1956 869 instituto
1994 829 2069 868 tuo

372 902 526 955 dicere3
570 900 642 942 sed
686 902 850 952 tamen,
895 912 991 939 cum
1033 910 1099 937 me
1143 910 1230 937 non
1273 896 1431 951 fugiat,
1476 899 1638 952 quanta
1682 897 1740 938 sit
1783 897 1828 938 in
1871 899 2068 952 praetore

373 971 629 1025 auctoritas,
659 969 915 1025 praesertim
946 968 1033 1009 ista
1063 966 1335 1022 integritate,
1366 967 1599 1022 gravitate,
1632 967 1878 1023 clementia,
1910 983 1995 1023 qua
2025 971 2068 1010 16

373 1057 462 1083 6886
507 1042 622 1082 111161
666 1040 804 1082 61111118
844 1041 1032 1092 60118161,
1076 1040 1178 1093 peto
1217 1052 1293 1092 aps
1332 1041 1375 1079 16
1413 1053 1491 1093 pro
1529 1041 1680 1080 nostra
1719 1039 2070 1081 coniunctissima

370 1111 679 1154 necessitudine
718 1110 1000 1166 plurimisque
1041 1109 1196 1151 officiis
1233 1109 1410 1163 paribus
1444 1124 1492 1151 ac
1525 1109 1705 1164 mutuis,
1746 1113 1795 1151 ut
1832 1110 2069 1164 voluntate,

371 1183 639 1236 auctoritate,
672 1181 814 1223 studio
848 1184 923 1222 tuo
955 1180 1165 1235 perficias,
1198 1182 1247 1221 ut
1278 1179 1335 1221 M.
1363 1179 1555 1222 Anneius
1588 1180 1817 1236 intellegat
1845 1183 1888 1223 te
1915 1183 1959 1222 et
1986 1179 2069 1222 sibi

370 1254 554 1295 amicum
581 1268 686 1307 esse,
713 1253 826 1307 quod
849 1267 936 1293 non
955 1250 1128 1293 dubitat
1149 1276 1201 1280 —
1225 1265 1352 1305 saepe
1379 1251 1494 1292 em'm
1520 1266 1688 1293 mecum
1713 1251 1885 1294 locutus
1913 1254 1980 1293 est
1999 1276 2068 1307 ——,
2107 1265 2122 1290 5

370 1328 411 1366 et
436 1325 572 1366 multo
594 1324 843 1365 amiciorem
862 1323 930 1364 his
951 1323 1057 1364 meis
1082 1321 1242 1364 litteris
1269 1336 1362 1363 esse
1388 1321 1565 1364 factum.
1609 1322 1655 1363 in
1674 1324 1750 1364 tuo
1771 1325 1866 1364 toto
1885 1322 2068 1377 imper-10

369 1400 497 1450 atque
522 1395 743 1450 provincia
768 1394 877 1436 nihil
904 1396 981 1448 est,
1007 1393 1120 1448 quod
1147 1393 1253 1434 mihi
1279 1392 1447 1448 gratius
1474 1392 1613 1435 facere
1633 1394 1792 1449 possis,
1817 1409 1929 1448 nam,
1957 1394 2069 1448 apud

368 1467 526 1521 ipsum,
571 1466 870 1522 gratissimum
908 1465 1128 1506 hominem
1166 1467 1295 1518 atque
1335 1464 1546 1518 optimum
1585 1464 1742 1520 virum,
1788 1479 1917 1519 quam
1960 1464 2068 1506 bene

367 1538 586 1592 positurus
614 1537 671 1579 sis
700 1535 889 1579 studium
906 1538 1039 1577 >tuum
1066 1538 1194 1590 atque
1221 1535 1424 1589 officium,
1451 1535 1648 1577 dubitare
1675 1538 1718 1577 16
1743 1549 1832 1577 non
1857 1535 2069 1577 existimo.

1066 1689 1178 1732 LVI.
1224 1687 1362 1745 (107.)

815 1794 1026 1839 CICERO
1059 1795 1305 1838 THERMO
1337 1794 1543 1838 PROPR.
1577 1793 1616 1837 s.

487 1902 660 1945 Cluvius
687 1903 951 1945 Puteolanus
984 1904 1107 1946 valde
1140 1918 1207 1945 me
1241 1905 1443 1958 opservat
1475 1902 1681 1957 valdeque
1714 1905 1780 1944 681
1810 1903 1918 1944 mihi
1947 1902 2069 1944 fami-

370 1975 504 2016 liaris:
539 1975 575 2016 is
607 1974 669 2016 ita
701 1975 785 2026 sibi
815 1975 1064 2030 persuadet,
1106 1974 1220 2029 quod
1251 1974 1297 2015 in
1327 1977 1404 2015 tua
1434 1973 1657 2028 provincia
1693 1973 1861 2029 negotii
1897 1973 2069 2028 habeat,

369 2045 451 2086 nisi
484 2048 525 2087 te
558 2046 824 2100 provinciam
857 2046 1078 2101 optinente
1117 2045 1224 2087 meis
1257 2044 1700 2086 commendationibus
1735 2043 1985 2098 confecerit,
2025 2044 2069 2085 id

370 2131 412 2157 se
439 2116 483 2157 in
509 2117 689 2171 perditis
716 2119 759 2158 61
785 2108 1024 2172 desperatis
1049 2117 1320 2170 habiturum,
1344 2130 1470 2170 nunc,
1497 2115 1701 2170 quoniam
1728 2114 1834 2156 mihi
1855 2115 1908 2156 ab
1930 2116 2068 2157 amico
2107 2137 2123 2154 a

370 2187 685 2230 officiosissimo
718 2190 889 2229 tantum
922 2188 1064 2230 oneris
1102 2187 1360 2242 imponitur,
1402 2200 1483 2242 ego
1522 2200 1691 2241 quoque
1729 2186 1812 2227 tibi
1850 2186 2068 2240 imponam

368 2273 445 2313 pro
477 2259 564 2300 tuis
596 2259 641 2299 in
673 2273 739 2300 me
774 2258 952 2300 summis
987 2258 1159 2313 officiis,
1190 2258 1255 2299 ita
1287 2260 1451 2310 tamen,
1491 2259 1541 2298 ut
1573 2257 1655 2298 tibi
1685 2257 1824 2299 nolim
1861 2256 2069 2298 molestus

370 2343 472 2370 6886.
528 2328 707 2384 Mylasis
741 2333 783 2371 et
815 2329 1053 2371 Alabandis
1091 2329 1318 2384 pecuniam
1349 2327 1501 2370 Cluvio
1540 2328 1715 2369 debent:
1756 2327 1923 2369 dixerat
1961 2326 2069 2368 mihi

370 2399 679 2455 Euthydemus,
712 2415 808 2442 cum
840 2400 1004 2455 Ephesi
1037 2415 1194 2456 essem,
1227 2415 1270 2441 se
1304 2401 1576 2453 curaturum,
1607 2401 1656 2439 ut
1689 2398 1823 2440 ecdici
1854 2397 2070 2453 †Mylasii

370 2469 552 2511 Romam
583 2470 877 2526 mitterentur3
908 2472 951 2512 id
983 2471 1148 2513 factum
1178 2486 1265 2512 non
1297 2473 1380 2512 est:
1412 2470 1582 2525 legatos
1615 2469 1742 2511 audio
1774 2469 1931 2511 missos
1964 2483 2069 2524 6886,

371 2541 443 2581 sed
477 2541 588 2582 malo
621 2542 808 2597 ecdicos,
838 2545 887 2583 ut
919 2542 1082 2596 aliquid
1114 2541 1267 2583 confici
1297 2540 1454 2595 possit3
1494 2554 1624 2595 quare
1657 2542 1758 2595 peto
1792 2554 1817 2581 a
1847 2541 1908 2594 te,
1944 2542 1994 2581 ut
2026 2542 2070 2581 61

488 2683 518 2714 2.
547 2683 577 2714 3.
605 2679 782 2715 uirtutem
811 2680 1045 2727 prudentiam
1069 2681 1181 2716 fidem
1207 2681 1261 2724 M,
1290 2680 1399 2714 fidem
1426 2679 1510 2714 uirt.
1536 2679 1643 2724 prud.
1671 2679 1752 2714 HD
1781 2681 1793 2725 ΙΙ
1826 2682 1880 2715 13.
1907 2679 2067 2714 11666881-

371 2726 499 2761 tudine
526 2727 579 2771 M,
605 2727 826 2762 necessitate
854 2729 934 2763 HD
952 2730 963 2773 ΙΙ
982 2728 1279 2773 plurissimisque
1304 2727 1389 2762 MD
1408 2729 1419 2772 Η
1440 2731 1493 2762 14.
1514 2738 1560 2761 m.
1581 2726 1775 2762 manneius
1795 2726 1893 2770 ΜΗ,
1919 2738 1967 2762 m.
1991 2738 2070 2761 ma-

372 2773 499 2807 nucius
531 2774 570 2808 D
605 2777 616 2818 ΙΙ
655 2778 707 2809 15.
741 2786 886 2809 mecum
916 2777 979 2820 M,
1018 2787 1083 2811 om.
1118 2776 1198 2810 HD
1234 2777 1245 2819 Η
1284 2778 1337 2809 17.
1370 2785 1457 2808 nam
1486 2773 1522 2809 G.
1544 2774 1592 2809 F.
1615 2775 1671 2810 W.
1692 2774 1849 2818 Maller,
1884 2773 1962 2808 iam
1996 2772 2035 2807 Ψ
2058 2775 2069 2816 21

373 2820 631 2865 224116111111118,
661 2826 677 2855 1
701 2823 767 2857 litt.
788 2834 891 2866 eras„
910 2823 959 2857 M
979 2822 1137 2867 (cluuius
1157 2824 1234 2858 sine
1254 2833 1325 2857 raS.
1346 2822 1409 2867 P),
1437 2820 1472 2858 C.
1496 2820 1622 2855 Cluius
1644 2822 1702 2866 (ex
1722 2820 1875 2855 Cluinus
1894 2833 1937 2855 m.
1954 2821 1989 2864 1)
2005 2820 2070 2866 ΒΗ

372 2866 463 2900 mihi
489 2869 546 2902 est
571 2869 615 2902 H
647 2871 658 2911 ΙΙ
695 2872 749 2903 23.
776 2869 807 2903 is
833 2869 888 2903 ita
914 2870 1013 2913 HD,
1040 2869 1070 2904 is
1096 2871 1138 2904 ta
1163 2870 1212 2904 M
1244 2870 1255 2914 Η
1293 2872 1347 2903 27.
1375 2867 1507 2903 officiis
1534 2868 1595 2902 uel
1619 2868 1808 2903 beneficiis
1834 2867 1890 2901 ita
1915 2867 1960 2901 H
1973 2868 1985 2912 ΙΙ
2003 2878 2067 2901 110-

373 2912 445 2946 lem
470 2915 518 2948 M
531 2916 543 2959 Η
562 2918 616 2949 28.
645 2915 798 2959 Mylasis
825 2918 863 2950 et
887 2916 1111 2961 Alabandis]
1138 2920 1183 2958 cf.
1205 2917 1421 2951 Lachmmm
1446 2917 1494 2951 ad
1513 2916 1624 2951 Lusor.
1644 2915 1690 2959 II,
1711 2918 1766 2950 85.
1801 2915 1926 2949 malim
1951 2918 2070 2949 tamen

374 2970 451 2993 cnm
480 2961 610 2996 Orellio
636 2965 824 3003 Μυλασεῖς
850 2964 888 2997 61
909 2962 1139 3010 Ἀλαβανδεῖς
1158 2965 1170 3008 Η
1189 2967 1244 2998 29.
1271 2962 1405 3008 ecdici]
1432 2964 1478 3006 cf.
1505 2963 1590 2997 buzl.
1616 2963 1659 2997 de
1684 2973 1774 2997 corr.
1793 2961 1873 2996 hell.
1893 2959 1936 2995 V.
1966 2964 2067 2996 1881.

369 3018 407 3049 p.
431 3010 495 3040 103
509 3019 556 3052 sq.
577 3010 587 3051 ΙΙ
607 3008 771 3055 Mylasii]
798 3010 927 3054 mylas.
949 3010 977 3044 ii
1001 3012 1090 3055 (non
1108 3013 1146 3055 u)
1168 3011 1222 3054 M,
1249 3021 1272 3044 a
1290 3009 1485 3054 mylas'mis
1505 3009 1595 3044 HD.
1637 3009 1726 3053 quid
1746 3007 1868 3043 Cicero
1887 3009 2070 3053 scripserit

375 3053 523 3105 dubium
549 3056 608 3098 (cf.
635 3055 749 3091 Hertz
774 3058 822 3091 cccl
851 3057 940 3092 Gell.
966 3062 990 3092 t.
1011 3058 1028 3091 I
1046 3070 1086 3102 p.
1108 3059 1184 3102 80):
1206 3059 1329 3102 potuit
1354 3058 1462 3092 etiam
1486 3056 1682 3100 simplicem
1707 3055 1907 3092 ablativum
1922 3065 2069 3101 ponere,

375 3111 399 3133 τ.
420 3110 446 3133 e.
476 3099 625 3143 Mylasis
646 3102 657 3145 Η
677 3105 730 3137 30.
757 3102 888 3138 missos
915 3103 1026 3138 audio
1054 3114 1133 3138 esse
1161 3104 1230 3148 ΗΗ
1251 3106 1304 3139 31.
1333 3114 1355 3138 a
1381 3104 1418 3138 te
1443 3103 1530 3148 peto
1558 3102 1603 3136 H

2091 913 2124 937 10

2089 1703 2123 1728 20

2089 2483 2124 2508 30
