2242 3496
329 546 348 575 Na

378 148 457 188 27(
456 155 463 184 1
975 143 1022 176 Μ.
1050 140 1187 175 TVLLI
1218 139 1467 173 CICERONIS

379 269 504 294 unam
538 267 674 305 snam,
714 252 891 291 alteram
927 247 1081 300 Silani,
1123 250 1397 288 evocatorum
1430 249 1614 300 partem:
1654 247 1716 286 ita
1749 246 1919 288 obviam
1952 248 2070 288 venit

379 325 518 368 nobis,
559 323 668 378 qnod
708 335 783 361 nos
825 321 1030 372 quattuor
1066 317 1258 372 legiones
1297 317 1487 358 tironum
1520 316 1677 358 habere
1712 318 1850 359 solum
1890 318 2070 358 arbitra-

379 394 522 446 l›atur;
574 392 643 431 sed
694 392 843 441 noctu,
896 401 978 441 quo
1026 387 1161 427 tutius
1213 387 1355 428 venire
1401 387 1443 427 in
1497 390 1640 428 castra
1693 388 2069 442 †possuissemus,

379 464 586 517 legionem
615 459 827 511 Martiam,
861 456 928 498 cui
956 471 1036 511 ego
1064 471 1261 510 praeesse
1289 456 1493 510 solebam,
1526 459 1569 498 et
1595 458 1699 498 duas
1727 458 1925 499 cohortes
1951 473 2070 512 prae-

376 535 506 575 torias
551 532 726 572 miserat
770 528 939 569 Hirtius
984 527 1120 568 nobis.
1185 542 1281 569 cum
1327 527 1492 582 equites
1534 528 1712 570 Antonii
1758 529 2069 583 apparuissent,
2106 545 2122 568 ῑ.

374 602 582 645 contineri
615 615 750 654 neque
784 599 898 654 legio
933 597 1092 639 Martia
1124 613 1262 653 neque
1302 598 1501 640 cohortes
1540 601 1782 653 praetoriae
1814 603 2067 655 potuerunt,

373 689 478 727 quas
512 672 632 726 sequi
666 669 882 723 coepimus
917 670 1068 719 coacti,
1102 669 1304 724 quoniam
1339 670 1520 711 retinere
1555 685 1626 711 eas
1658 686 1744 712 non
1777 674 2068 726 potueramus.

376 743 588 784 Antonius
628 742 677 782 ad
719 740 879 781 Forum
919 738 1142 780 Gallorum
1181 754 1279 781 suas
1324 741 1469 794 copias
1509 742 1758 783 continebat
1795 756 1931 797 neque
1970 743 2068 784 sciri

373 815 543 855 volebat
576 828 618 854 se
651 812 843 866 legiones
876 810 1052 852 habere:
1085 814 1257 852 tantum
1285 811 1526 865 equitatum
1559 815 1603 853 et
1635 813 1773 854 levem
1806 816 2069 854 armaturam

372 884 635 925 ostendebat.
692 885 844 936 postea
876 896 1004 935 quam
1036 882 1143 924 vidit
1176 897 1220 923 se
1253 883 1391 924 invito
1424 882 1638 938 legionem
1670 884 1730 925 ire
1762 882 1916 937 Pansa,
1948 884 2068 938 sequi

372 970 415 996 se
455 955 558 995 duas
598 954 790 1008 legiones
835 952 963 994 iussit
1003 952 1206 994 tironum.
1268 956 1419 1007 postea
1458 968 1587 1008 quam
1631 954 1856 1010 angustias
1900 954 2068 1009 paludis

370 1028 412 1066 et
445 1025 649 1066 silvarum
687 1024 943 1073 transimus,
982 1024 1093 1065 acies
1133 1027 1198 1064 est
1237 1024 1450 1065 instructa
1488 1039 1512 1065 a
1549 1025 1674 1066 nobis
1707 1037 1772 1066 XII
1805 1024 2066 1078 cohortium,

370 1096 558 1137 nondum
595 1098 802 1136 venerant
841 1094 1031 1150 legiones
1073 1095 1197 1136 duae:
1242 1098 1417 1149 repente
1455 1095 1672 1137 Antonius
1712 1097 1756 1137 in
1795 1096 1930 1137 aciem
1969 1110 2067 1137 suas

373 1166 517 1220 copias
550 1166 599 1207 de
633 1166 726 1207 vico
759 1165 962 1219 produxit
994 1168 1037 1206 et
1071 1165 1160 1206 sine
1193 1180 1313 1206 mora
1353 1166 1580 1208 concurrit.
1641 1166 1780 1220 primo
1813 1167 1877 1207 ita
1907 1181 2069 1221 pugna-

371 1240 517 1291 tumst,
549 1240 597 1278 ut
624 1237 763 1278 acrius
790 1251 875 1277 non
902 1239 1051 1290 posset
1078 1251 1127 1276 ex
1154 1239 1334 1290 utraque
1360 1240 1482 1290 parte
1508 1236 1711 1292 pugnari,
1744 1236 1826 1278 etsi
1852 1237 2066 1279 dexterius

368 1323 521 1362 cornu,
565 1308 607 1348 in
653 1322 736 1361 quo
779 1321 859 1362 ego
905 1322 1018 1348 eran]
1067 1322 1163 1348 cum
1205 1307 1389 1348 Martiae
1434 1308 1618 1363 legionis
1663 1307 1916 1349 cohortibus
1958 1311 2068 1360 octo,

367 1380 529 1433 impetu
555 1379 694 1433 primo
723 1379 949 1433 fugaverat
975 1378 1191 1433 legionem
1219 1391 1343 1419 xxxv
1362 1378 1556 1433 Antonii,
1582 1381 1631 1420 ut
1657 1379 1842 1433 amplius
1862 1394 2014 1433 passus
2036 1391 2066 1420 D

365 1450 481 1490 ultra
520 1450 672 1502 aciem,
715 1464 798 1503 quo
838 1449 932 1490 loco
975 1451 1176 1504 steterat,
1216 1450 1487 1504 processerit.
1550 1450 1714 1504 itaque,
1762 1465 1858 1491 cum
1900 1450 2066 1505 equites

364 1524 561 1562 nostrum
589 1536 767 1562 cornum
794 1520 1019 1562 circumire
1046 1520 1219 1575 vellent,
1246 1521 1436 1574 recipere
1462 1535 1529 1561 me
1557 1521 1678 1575 coepi
1705 1523 1748 1562 et
1774 1521 1913 1563 levem
1933 1536 2068 1562 arma-

365 1595 507 1632 turam
541 1606 755 1646 opponere
787 1590 1039 1632 Maurorum
1073 1591 1313 1646 equitibus,
1349 1606 1401 1632 ne
1441 1606 1614 1633 aversos
1652 1595 1827 1633 nostros
1867 1592 2067 1648 adgrede-

364 1666 522 1704 rentur.
580 1663 753 1704 interim
787 1662 908 1704 video
941 1677 1008 1704 me
1042 1677 1133 1704 esse
1167 1663 1281 1704 inter
1306 1663 1580 1704 Antonianos
1610 1663 1931 1718 Antoniumque
1966 1665 2067 1717 post

362 1749 429 1774 me
457 1748 548 1774 esse
576 1734 816 1788 aliquanto:
849 1737 1024 1788 repente
1052 1748 1209 1788 equum
1235 1733 1396 1774 immisi
1423 1734 1475 1774 acl
1503 1749 1596 1774 eam
1623 1734 1838 1789 legionem
1864 1735 2066 1787 tironum,

363 1820 470 1859 quae
515 1805 713 1846 veniebat
759 1820 808 1847 ex
855 1805 1031 1860 castris,
1079 1807 1200 1846 scuto
1246 1804 1419 1846 reiecto.
1484 1805 1720 1846 Antoniani
1765 1821 1832 1847 me
1876 1805 2066 1860 insequi,

361 1875 499 1916 nostri
540 1875 628 1929 pila
667 1875 828 1916 coicere
868 1876 993 1917 velle:
1033 1876 1096 1916 ita
1132 1876 1277 1917 nescio
1318 1890 1402 1930 quo
1441 1875 1532 1917 fato
1571 1891 1666 1917 sum
1699 1879 1915 1931 servatus,
1953 1876 2064 1931 quod

366 1962 459 1987 sum
493 1946 578 1987 cito
615 1962 636 1986 a
667 1947 830 1987 nostris
863 1945 1076 2001 cognitus.
1139 1947 1182 1987 in
1215 1946 1310 2001 ipsa
1341 1947 1540 2000 Aemilia,
1572 1948 1648 1988 ubi
1680 1948 1834 1989 cohors
1868 1945 2064 1988 Caesaris
2086 1963 2118 1985 -τ,

361 2018 577 2071 praetoria
610 2020 719 2070 erat,
752 2018 823 2058 diu
856 2021 1099 2072 pugnatum
1132 2020 1209 2058 est.
1273 2032 1404 2058 cornu
1438 2017 1701 2071 sinisterius,
1735 2018 1847 2072 quod
1882 2021 1974 2059 erat
2005 2018 2064 2059 in-

362 2089 544 2142 firmius,
582 2089 656 2129 ubi
689 2087 872 2130 Martiae
912 2089 1096 2144 legionis
1136 2089 1242 2130 duae
1283 2089 1483 2130 cohortes
1524 2092 1646 2130 erant
1679 2091 1721 2129 et
1754 2089 1908 2130 cohors
1946 2103 2064 2143 prae-

362 2159 489 2212 toria,
534 2160 684 2213 pedem
726 2159 883 2201 referre
930 2164 1182 2214 coeperunt,
1226 2160 1338 2213 quod
1378 2160 1431 2200 ab
1472 2160 1669 2213 equitatu
1713 2160 2065 2214 circumibantur,

362 2245 445 2283 quo
478 2231 540 2271 vel
576 2231 809 2284 plurimum
842 2231 957 2272 valet
985 2231 1213 2272 Antonius.
1266 2246 1362 2272 cum
1389 2246 1536 2272 omnes
1565 2246 1608 2272 se
1636 2231 1899 2285 recepissent
1923 2231 2062 2272 nostri

362 2301 543 2354 ordines,
576 2302 762 2355 recipere
790 2316 856 2343 me
882 2302 1142 2343 novissimus
1177 2302 1297 2356 coepi
1324 2302 1374 2342 ad
1404 2305 1564 2355 castra,
1597 2301 1814 2343 Antonius
1842 2305 2064 2356 tamquam

361 2372 498 2412 victor
537 2376 679 2413 castra
718 2373 887 2427 putavit
926 2388 968 2414 se
1008 2387 1134 2428 posse
1174 2388 1342 2427 capere:
1387 2387 1470 2427 quo
1510 2388 1607 2414 cum
1647 2373 1781 2426 venit,
1821 2373 2062 2427 complures

364 2442 421 2482 ibi
454 2442 600 2483 amisit
632 2458 709 2485 nec
743 2444 833 2499 egit
866 2444 1108 2498 quicquam.

504 2599 510 2605 .
480 2569 632 2618 1<et>
659 2573 899 2606 evocatorum
925 2573 1005 2616 alii,
1030 2573 1131 2607 male
1162 2573 1206 2615 cf.
1229 2573 1454 2617 Mar-quaidt
1480 2573 1738 2608 ‘Staatszwa’eru
1768 2572 1824 2605 Π2
1845 2584 1883 2617 p.
1899 2576 1967 2607 402
1982 2584 2030 2618 sq.
2051 2573 2064 2619 ll

362 2620 391 2651 3
419 2616 536 2651 tutius
570 2617 696 2653 uenire
727 2618 767 2653 in
799 2621 923 2654 castra
954 2619 1226 2664 possuissemus
1254 2620 1314 2664 M,
1349 2619 1468 2654 tutius
1494 2620 1532 2654 in
1566 2622 1690 2654 castra
1720 2619 1848 2654 uenire
1879 2619 2061 2664 potuisse-

361 2676 440 2698 mus
479 2665 568 2699 HD
619 2676 810 2710 possemus
848 2669 1052 2713 commum,
1096 2668 1220 2702 malim
1258 2666 1358 2712 potis
1397 2678 1572 2702 essemus.
1622 2668 1667 2710 cf.
1703 2667 1891 2702 Hellmuth
1920 2679 1959 2712 p.
1988 2668 2062 2700 18

362 2715 392 2744 9.
420 2711 628 2755 equitatum
654 2714 691 2747 et
717 2714 777 2757 M,
810 2726 875 2748 om.
904 2715 984 2749 HD
1009 2716 1020 2759 ΙΙ
1047 2718 1101 2749 12.
1128 2714 1329 2749 transimus
1357 2715 1417 2759 M,
1449 2714 1690 2749 transiuimus
1717 2714 1813 2757 HD,
1845 2713 2061 2748 transiimus

361 2759 436 2793 «lili
483 2760 526 2802 cf.
560 2760 744 2795 Hellmnth
775 2765 878 2804 p.12
917 2764 927 2806 {l
966 2766 1020 2797 13.
1055 2762 1174 2797 duae:
1207 2762 1374 2808 repente]
1414 2763 1458 2805 cf.
1486 2763 1532 2797 1ᾫό
1555 2774 1593 2806 p.
1616 2765 1661 2796 20
1698 2763 1709 2807 ΙΙ
1748 2764 1885 2796 1415.
1917 2772 2060 2806 pugna-

361 2807 475 2839 tnmst
502 2807 576 2850 71ΙῙ7
612 2810 819 2852 pugnatum
847 2810 903 2842 est
929 2810 977 2843 M
982 2810 1085 2843 cHD
1116 2813 1126 2854 Ι]
1160 2812 1212 2843 16.
1242 2820 1324 2891 cuMin
1350 2809 1462 2843 marti
1488 2808 1686 2854 relegionis
1713 2809 1763 2843 M
1783 2809 1796 2852 ss
1825 2811 1880 2844 17.
1907 2808 2059 2842 Antonii

361 2853 425 2886 del.
455 2854 577 2906 Kleyn
603 2856 655 2898 (p.
678 2857 737 2899 45)
758 2857 768 2899 ΙΙ
787 2867 919 2899 passus
947 2870 968 2889 1»
998 2857 1087 2900 HD,
1119 2868 1251 2901 passus
1273 2857 1346 2901 ΜΗ
1368 2860 1421 2892 18.
1449 2868 1521 2900 quo
1547 2856 1628 2890 loco
1655 2857 1813 2890 steterat
1837 2856 1903 2890 del
1925 2856 2062 2902 Kleyn,

363 2900 500 2934 1””ηιιιν1α
533 2903 543 2944 l}
577 2905 630 2935 19
658 2913 809 2935 cornum
836 2903 896 2944 M
932 2914 1045 2937 cornu
1071 2904 1152 2938 HD
1182 2906 1193 2948 Η
1225 2907 1279 2938 20.
1309 2915 1492 2948 opponere
1518 2914 1729 2937 maurorum
1760 2913 1805 2936 επ
1836 2913 2060 2947 opponerem

362 2956 531 2980 aurorum
558 2949 622 2981 MC
648 2950 658 2992 Η
687 2953 742 2984 23.
771 2961 808 2984 sc
847 2951 922 2993 uto,
954 2955 968 2983 1
998 2952 1063 2985 litt
1093 2963 1153 2995 er,
1178 2951 1221 2985 M
1247 2952 1258 2995 ΙΙ
1286 2962 1344 2985 me
1371 2951 1462 2995 HD,
1490 2950 1611 2984 anime
1637 2950 1685 2983 M
1711 2951 1723 2993 11
1754 2952 1808 2983 24.
1837 2949 1978 2984 coicere
2004 2951 2060 2994 Μ,

362 2992 514 3027 coiicere
541 2995 588 3038 D,
617 2995 782 3030 conicere
809 2978 955 3041 111125.
984 2998 1146 3032 caesaris
1173 2998 1302 3032 cohors
1329 2998 1374 3032 H
1389 3000 1400 3042 ΙΙ
1419 3002 1474 3033 31.
1501 2996 1618 3042 venit]
1645 2995 1810 3030 venisset
1836 2997 1886 3031 W
1883 2998 2057 3043 tesenberg).

361 3043 399 3073 at
423 3052 453 3075 v
482 3024 667 3077 Helbimth
688 3055 727 3086 p.
749 3047 792 3077 19
818 3045 830 3088 ll
858 3047 911 3078 32
941 3045 1068 3078 amisit
1094 3045 1186 3089 HD,
1212 3044 1323 3080 amici
1350 3045 1399 3078 sit
1424 3045 1474 3079 M

2090 899 2123 923 10

2090 1252 2121 1277 15

2087 1608 2120 1632 20

2084 2317 2118 2340 30

2231 2750 2235 2753 ”
2230 2664 2242 2701 ⁶0·
2227 2254 2242 2652 rhama-⁴44..—-fi—-A.——
