2242 3496
651 161 989 196 Ems'rvmltvn
1016 162 1091 197 Vll.
1120 167 1173 196 33.
1204 162 1295 196 Vlll.
1328 166 1354 196 1.
1764 162 1845 203 185

154 273 299 312 actum
332 269 425 318 erit,
459 269 570 323 quod
605 269 678 311 isti
712 270 896 324 operarii
931 272 1070 312 minus
1104 271 1325 313 commode
1358 271 1555 326 persequi
1590 271 1772 325 possint,
1805 275 1847 312 et

153 340 511 396 quemadmodum
545 343 688 382 actum
722 342 779 382 sit
806 344 848 382 et
876 356 982 395 quae
1016 343 1280 384 existimatio
1316 345 1462 384 secuta
1494 356 1687 396 quaeque
1720 342 1769 383 de
1798 357 1847 383 co

153 427 250 467 spes
289 411 365 465 sit,
405 411 636 465 diligenter
674 412 753 452 tibi
786 413 1112 466 perscribcmus.
1178 417 1223 455 ut
1256 429 1368 455 nune
1401 416 1486 468 est,
1523 413 1641 454 nulla
1674 427 1847 467 magno-

151 497 252 538 pere
284 482 550 537 exspectatio
590 485 673 524 est:
718 498 816 524 nam
857 486 899 524 ct
938 484 1001 524 illi
1043 499 1234 526 rumores
1273 485 1322 526 de
1362 475 1551 526 co‘mitiis
1583 484 1847 539 Transpada-

116 565 132 589 5
152 568 305 596 norum
338 552 572 595 Cumarum
605 556 729 594 tenus
763 554 1004 607 caluerunt,
1038 554 1221 596 Romam
1255 571 1351 597 cum
1384 556 1613 609 venissem,
1646 570 1697 597 ne
1730 558 1848 597 tenu-

151 623 345 666 issimam
385 623 556 678 quidem
595 623 860 665 auditionem
900 624 949 665 de
985 639 1035 664 ea
1067 639 1111 665 re
1144 626 1306 680 accepi3
1351 629 1573 680 praeterea
1606 625 1848 680 Marcellus,

150 695 264 751 quod
310 695 448 737 adhuc
493 694 600 735 nihil
642 695 814 736 rettulit
853 695 903 736 de
943 696 1210 736 successione
1251 697 1568 750 provinciarum
1609 696 1848 738 Galliarum

150 769 194 808 et
232 766 275 807 in
314 765 364 807 Κ.
403 765 514 819 Iun,
559 768 607 806 ut
645 765 751 807 mihi
791 765 883 820 ipse
921 765 1047 815 (lixit,
1092 780 1185 807 eam
1223 767 1394 808 distulit
1433 768 1703 820 relationem,
1747 783 1847 809 sane

151 851 280 892 quam
312 850 386 878 eos
419 851 640 878 sermones
673 836 898 891 expressit,
937 836 1010 890 qui
1043 836 1093 877 de
1126 851 1175 877 eo
1210 840 1301 878 tum
1334 838 1516 891 fuerant,
1555 854 1651 880 cum
1684 838 1847 880 Romae

98 918 130 943 10
148 922 227 960 nos
260 921 460 949 essemus.
517 910 564 948 tu
591 907 628 948 si
655 907 922 962 Pompeium,
953 910 1003 950 ut
1029 907 1216 960 volebas,
1250 908 1477 962 offendisti,
1511 910 1583 963 qui
1617 909 1697 951 tibi
1730 909 1846 951 visus
1875 922 1881 931 ·

149 978 208 1020 sit
239 981 283 1021 et
315 992 442 1033 quam
483 978 722 1020 orationem
762 978 962 1019 habuerit
1000 981 1144 1020 tecum
1183 993 1396 1033 quamque
1436 980 1673 1021 ostenderit
1704 980 1849 1022 volun-

149 1052 283 1091 tatem
318 1074 370 1078 —
406 1048 519 1090 solet
557 1050 670 1090 enim
710 1049 825 1091 aliud
863 1049 1023 1091 sentire
1068 1052 1111 1090 et
1155 1049 1274 1104 loqui
1319 1065 1455 1105 neque
1497 1054 1666 1092 tantum
1707 1052 1848 1093 valere

147 1120 343 1176 ingenio,
386 1122 436 1161 ut
478 1134 566 1161 non
611 1123 833 1175 appareat,
878 1120 980 1175 quid
1023 1120 1169 1175 cupiat
1212 1146 1288 1175 —,
1332 1121 1399 1163 fac
1443 1122 1549 1163 mihi
1594 1122 1848 1176 perscribas.

149 1191 262 1246 quod
289 1191 339 1232 ad
368 1189 608 1245 Caesarem,
641 1191 781 1233 crebri
813 1194 857 1233 et
889 1205 976 1232 non
1008 1191 1111 1232 belli
1145 1192 1194 1233 de
1227 1206 1276 1233 eo
1310 1206 1518 1245 rumores,
1550 1194 1622 1234 sed
1655 1208 1846 1234 susurra-

97 1272 129 1298 15
148 1265 265 1304 tores
303 1262 546 1316 dumtaxat,
589 1263 784 1304 veniunt:
829 1263 939 1304 alius
982 1263 1171 1317 equitem
1212 1262 1466 1317 perdidisse,
1511 1264 1640 1318 quod,
1684 1264 1849 1319 opinor,

147 1336 262 1376 certe
319 1332 483 1375 factum
540 1337 629 1387 est3
691 1334 799 1375 alius
854 1333 1086 1388 septimam
1136 1333 1351 1389 legionem
1405 1334 1650 1389 vapulasse,
1705 1335 1847 1389 ipsum

147 1405 260 1460 apud
291 1403 501 1447 Beluacos
535 1405 836 1447 circumsederi
869 1405 1153 1447 interclusum
1185 1405 1239 1446 ab
1273 1404 1438 1459 reliquo
1473 1405 1678 1447 exercitu:
1711 1420 1846 1460 neque

147 1475 285 1518 adhuc
311 1475 420 1517 certi
447 1475 678 1530 quicquam
705 1479 782 1531 est,
808 1491 945 1532 neque
972 1477 1079 1518 haec
1104 1476 1270 1518 incerta
1294 1478 1439 1517 tamen
1463 1476 1591 1532 vulgo
1619 1477 1847 1531 iactantur,

147 1547 221 1588 sed
252 1545 365 1588 inter
396 1561 573 1601 paucos,
615 1562 721 1602 quos
754 1550 802 1589 tu
832 1548 968 1602 nosti,
1004 1547 1150 1602 palam
1192 1550 1357 1588 secreto
1389 1550 1637 1600 narrantur,
1684 1550 1728 1588 at
1760 1546 1846 1588 Do-

93 1617 314 1672 mmitius,
359 1633 456 1660 eum
494 1633 646 1660 manus
686 1619 738 1660 ad
776 1633 824 1660 os
864 1619 1077 1673 apposuit.
1147 1620 1190 1659 te
1230 1633 1264 1658 a.
1298 1618 1336 1660 d.
1369 1617 1501 1659 VIIII
1535 1617 1585 1658 K.
1619 1618 1709 1659 Iun.
1751 1619 1847 1659 sub-

146 1688 333 1730 rostrani
371 1713 430 1718 —
471 1690 584 1743 quod
623 1690 798 1731 illorum
838 1689 971 1744 capiti
1010 1689 1084 1730 sit!
1124 1714 1183 1718 —
1214 1689 1477 1743 dissiparant
1518 1689 1696 1743 perisse:
1741 1690 1845 1730 urbe

145 1773 194 1800 ac
227 1758 321 1800 foro
354 1761 446 1801 toto
480 1760 692 1802 maximus
727 1775 873 1802 rumor
904 1760 988 1801 fuit
1019 1763 1062 1802 te
1096 1775 1120 1801 a
1152 1759 1200 1809 Q.
1232 1759 1438 1815 Pompeio
1473 1759 1518 1800 in
1550 1760 1705 1802 itinere
1739 1761 1846 1802 occi-

146 1844 251 1871 sum.
314 1844 408 1886 ego,
440 1831 512 1885 qui
545 1831 711 1886 scirem,
744 1831 790 1881 Q.
821 1831 1078 1886 Pompeium
1108 1831 1259 1873 Baulis
1291 1831 1677 1890 ‘lfembaeneticam
1708 1831 1846 1873 facere

263 1955 294 1988 1.
320 1951 385 1987 isti
410 1954 472 1996 M,
498 1952 536 1998 ip
539 1953 570 1988 si
598 1954 648 1997 G,
685 1925 755 1998 erit
779 1953 834 1989 R¹
866 1955 877 1999 ΙΙ
907 1953 1028 1999 possit
1052 1954 1134 1989 MG
1171 1954 1182 1997 ΙΙ
1220 1958 1252 1989 3.
1286 1953 1350 1998 sit]
1384 1955 1442 1988 est
1474 1955 1508 1987 Ω
1551 1956 1562 1998 Η
1606 1953 1678 1988 tibi
1717 1953 1846 2001 (ipsi)

143 1998 414 2044 perscribemus
439 2001 624 2047 Pluyyers
650 2003 682 2039 (1
709 2014 746 2047 33.
766 2003 850 2044 272)
876 2003 887 2044 11
913 2005 946 2037 3
973 2005 1004 2036 4.
1032 2012 1168 2046 magno
1195 2011 1305 2046 opere
1331 2001 1367 2035 R
1393 2012 1437 2035 esc
1462 2012 1552 2036 σον-,3
1579 2005 1669 2035 333.1
1698 2003 1708 2046 ΙΙ
1735 2005 1765 2035 4.
1794 2002 1846 2047 et}

143 2048 187 2090 cf.
217 2047 323 2093 Bury
343 2060 380 2092 p
406 2051 448 2082 72
463 2059 512 2102 sq,
538 2052 550 2093 u
577 2052 607 2083 5
635 2052 666 2083 6.
692 2048 950 2084 tenuissimam
978 2049 1060 2090 GR,
1086 2048 1289 2083 tenuissem
1315 2048 1362 2082 M
1384 2049 1395 2092 ΙΙ
1422 2052 1452 2082 6.
1481 2048 1600 2093 accipi
1628 2049 1675 2082 M
1696 2051 1706 2093 ῃ
1734 2052 1763 2083 7.
1792 2060 1845 2083 re-

143 2093 234 2129 tulit
260 2093 331 2130 GR
362 2097 374 2140 u
404 2095 681 2141 provinciarum
706 2098 773 2132 del
802 2097 970 2140 Ernesti,
995 2077 1202 2131 Galliarum
1227 2096 1407 2142 Ρ1333]963·3
1433 2096 1469 2138 (l.
1497 2097 1566 2140 cl.,)
1597 2100 1743 2141 uterque
1766 2109 1845 2141 3363·-

138 2153 266 2186 peram
303 2144 315 2187 ΙΙ
352 2145 383 2177 9.
418 2143 615 2189 expressit]
650 2145 696 2187 cf.
722 2143 818 2188 VIII,
848 2147 903 2187 10,
929 2147 970 2178 2:
1017 2143 1159 2177 ‘nuntii
1196 2142 1320 2178 varios
1359 2153 1545 2178 semones
1583 2143 1815 2177 excitarunt’

141 2189 292 2224 fuerant
316 2201 361 2225 em
387 2191 471 2225 -unt
495 2191 572 2234 111¹,
605 2195 646 2226 ut
670 2193 791 2237 3·3’(1.ΙΙ
830 2195 884 2226 10.
911 2202 977 2225 nos
1010 2202 1054 2226 eoe
1079 2202 1153 2225 non
1179 2190 1240 2225 Ml
1277 2192 1288 2235 ΙΙ
1325 2201 1488 2225 essemus
1516 2190 1647 2244 <una>
1675 2191 1779 2236 Kay
1777 2203 1819 2225 ἐν

145 2240 198 2272 11
226 2235 276 2271 sit
303 2237 393 2281 GR,
425 2237 476 2272 sis
503 2238 552 2272 Μ
584 2240 595 2283 ΙΙ
633 2239 845 2274 ostenderet
871 2239 919 2273 M
951 2240 963 2283 ΙΙ
1001 2241 1055 2273 12
1083 2237 1179 2272 aliut
1204 2238 1256 2272 M.
1304 2239 1378 2282 33336
1406 2237 1550 2272 Caeliu·
1582 2239 1760 2272 minutms
1784 2238 1849 2271 has

142 2284 442 2330 orthoyraphicas
467 2297 568 2331 quem
593 2286 643 2320 acl
667 2287 813 2321 modum
838 2286 1049 2321 tractaverit
1074 2287 1251 2320 incertum
1269 2287 1280 2329 ΙΙ
1302 2250 1354 2319 113.
1383 2284 1473 2328 quid
1495 2285 1577 2328 GR,
1605 2286 1647 2318 ut
1666 2284 1756 2328 quid
1776 2285 1823 2318 M

146 2334 199 2366 14.
233 2342 276 2366 eo
309 2343 473 2367 rumores
502 2333 591 2376 GR,
624 2343 751 2368 eorum
782 2344 903 2368 mores
930 2334 977 2367 M
993 2335 1004 2377 ιΙ
1026 2336 1078 2367 15.
1113 2332 1292 2378 equitem]
1321 2331 1492 2376 equidem
1519 2334 1552 2365 Ω
1572 2334 1583 2376 ΙῙ
1604 2335 1657 2366 16
1686 2331 1844 2377 factum]

144 2378 273 2413 fictum
302 2380 382 2414 α13’3’.
427 2382 473 2423 cf.
501 2360 608 2426 Β333ἷ3]
629 2392 666 2425 33.
690 2385 734 2414 69
772 2382 783 2425 Η
821 2384 875 2416 17.
901 2380 1077 2415 beluacos
1109 2381 1202 2425 (·cus
1232 2380 1279 2425 G)
1312 2381 1362 2422 Ω,
1394 2378 1606 2447 bellovacos
1633 2390 1653 2415 ς
1687 2379 1735 2412 ml
1763 2378 1847 2414 an-

143 2457 333 2491 sarianam
358 2457 493 2491 scilicet
516 2468 679 2492 normam
709 2459 719 2499 11
751 2460 803 2492 18.
831 2457 944 2492 athuc
968 2458 1017 2492 M
1038 2456 1135 2501 (adh.
1163 2457 1212 2491 M
1214 2457 1241 2501 r)
1271 2458 1283 2501 u
1314 2456 1406 2490 haec
1432 2456 1486 2499 M,
1514 2427 1578 2499 (ist
1597 2455 1661 2498 R',
1689 2467 1754 2490 om.
1784 2456 1847 2496 G¹

144 2503 270 2538 tamen
295 2515 361 2538 om.
391 2503 463 2539 GR
500 2505 511 2548 ΙΙ
550 2508 604 2539 19.
632 2506 673 2539 at
697 2505 751 2548 R,
780 2505 828 2539 ad
855 2505 906 2547 G,
933 2506 999 2539 aut
1024 2505 1073 2539 M
1105 2506 1116 2548 ΙῙ
1152 2507 1208 2539 20.
1236 2514 1367 2537 manus
1393 2503 1448 2546 M,
1474 2514 1540 2537 om
1568 2503 1651 2538 GR.
1696 2513 1847 2537 manum

143 2550 239 2584 Boot
265 2550 366 2594 (‘obs.
393 2552 488 2586 ortt?
514 2563 551 2596 p.
575 2553 642 2597 15)
669 2553 960 2596 f01·t.1·eeteuos
988 2553 1042 2595 M,
1070 2562 1131 2586 eos
1160 2551 1232 2586 GR
1258 2553 1268 2594 ΙΙ
1298 2554 1353 2584 21.
1382 2549 1508 2594 quod.
1562 2578 1569 2584 .
1597 2549 1660 2595 sit]
1687 2550 1733 2592 cf.
1766 2550 1846 2585 Otto

146 2597 546 2643 ‘S11r2chu·.‹7.]»’.'p
570 2602 612 2633 75
633 2601 644 2643 ΙΙ
663 2599 828 2644 illorum]
859 2599 915 2644 ip.
901 2611 1023 2633 orum
1050 2599 1252 2633 Wesenber
1231 2610 1260 2643 J
1279 2599 1290 2641 ΙΙ
1310 2597 1373 2642 sit!
1401 2597 1475 2630 sint
1502 2598 1536 2630 Ω
1555 2598 1566 2641 ΙΙ
1586 2596 1677 2631 urbe
1704 2597 1846 2631 Wesen-

142 2645 238 2690 bery,
263 2656 307 2679 ur
332 2645 470 2681 deurbe
497 2646 551 2689 M
579 2647 624 2681 de
651 2647 740 2681 urbe
769 2647 850 2682 GR.
887 2647 984 2680 unde
1010 2646 1048 2680 in
1075 2646 1164 2679 urbe
1194 2645 1317 2687 Opem,
1343 2644 1439 2678 unde
1466 2644 1554 2678 urbe
1581 2645 1666 2678 3313333
1686 2644 1837 2679 Baiter
1836 2646 1847 2656 '

94 2717 98 2720 .
143 2695 197 2726 22.
224 2693 262 2726 te
289 2703 311 2726 a
338 2691 395 2738 Q.]
423 2695 535 2737 atque
556 2694 610 2736 M,
638 2695 750 2738 atque
777 2705 800 2728 a
821 2694 893 2729 GR
913 2695 924 2738 ΙΙ
943 2693 1035 2728 itere
1060 2693 1102 2735 G,
1130 2691 1303 2726 iteiinere
1323 2691 1359 2725 R
1379 2692 1390 2735 ΙΙ
1410 2694 1464 2725 23.
1488 2690 1527 2732 Q
1549 2702 1615 2725 om
1637 2691 1672 2725 R
1691 2693 1702 2734 ΙΙ
1722 2690 1845 2725 bauli.-

142 2738 437 2775 embaeneticam
470 2741 531 2784 M,
570 2740 755 2775 baulisem
789 2741 999 2776 beneticam
1032 2740 1086 2783 R,
1124 2738 1229 2773 bauli
1268 2737 1347 2772 seni
1385 2737 1594 2772 beneticam
1628 2738 1677 2784 G]
1715 2737 1845 2773 Baulis

142 2785 313 2831 ἐμετικὴν
337 2788 369 2822 I.
391 2787 460 2822 Fr
477 2788 696 2831 Gronovius,
721 2789 816 2833 quod
841 2799 1004 2842 9336033333
1028 2787 1153 2822 multis
1173 2786 1367 2830 probatum
1393 2786 1553 2830 equidem
1579 2797 1659 2820 cum
1679 2785 1845 2821 &chaeno

143 2834 226 2875 (16.3).
255 2833 327 2869 cie
354 2847 384 2869 3
413 2834 678 2879 empeneticus)
705 2836 768 2880 qui
792 2836 834 2869 333
858 2836 910 2870 ed
939 2837 1014 2879 ipse
1039 2845 1174 2878 quoque
1200 2832 1396 2867 emeticam
1421 2834 1615 2877 scripserat
1638 2853 1676 2856 —
1695 2837 1845 2877 propter

149 2880 268 2916 Valer.
295 2881 400 2916 Max.
422 2881 484 2926 IV,
506 2886 537 2925 2,
561 2885 578 2915 7
605 2883 874 2927 repudiandum
904 2886 1005 2926 333316.
1055 2892 1119 2915 3366
1144 2881 1259 2926 man's
1281 2881 1426 2924 placem
1452 2879 1491 2914 Β
1521 2890 1611 2923 esse,
1639 2879 1843 2924 pineticam

141 2927 332 2964 Benedicti
355 2929 409 2964 vel
434 2929 473 2963 B.
502 2929 578 2964 iam
602 2929 813 2974 peneticam
833 2929 975 2963 Klotzii
999 2928 1053 2963 361
1073 2927 1112 2962 Β.
1139 2938 1217 2962 rem
1241 2926 1452 2972 peneticam
1476 2927 1514 2962 Ο.
1536 2927 1780 2970 Hirschfeldii
1801 2947 1843 2952 —-

142 2973 182 3009 B.
217 2975 479 3020 empineticam
515 2977 546 3012 T
544 2978 674 3012 urozebz
710 2988 754 3011 336
788 2976 966 3011 Graecum
1003 2976 1146 3020 quidem
1179 2979 1229 3009 est
1261 2995 1322 3017 —‚
1360 2978 1482 3018 utpote
1518 2975 1756 3020 tautologiam
1786 2976 1842 3010 in-

141 3021 307 3061 ferentia.
344 3024 434 3058 mihi
460 3044 503 3049 —
529 3025 691 3069 idemque
715 3028 846 3060 veteres
871 3024 1019 3078 quidam
1051 3023 1202 3057 editores
1226 3033 1343 3056 unse)
1346 3026 1412 3056 33331
1439 3041 1481 3046 —-
1509 3021 1703 3066 Pompeius
1727 3033 1843 3057 neees-

141 3067 247 3103 sitate
277 3080 316 3104 eo
346 3071 527 3106 adductus
556 3072 702 3107 videtur
731 3082 802 3106 esse
832 3075 874 3106 ut
904 3072 937 3106 ei
968 3070 1156 3105 sordidum
1187 3069 1371 3114 opificium
1403 3069 1552 3114 aliquod
1581 3070 1676 3104 vitae
1706 3073 1842 3104 susten-

143 3115 275 3150 tandae
294 3127 407 3152 eausa
425 3118 561 3154 Baulis
579 3119 811 3154 exercendum
837 3122 934 3162 esset,
958 3117 1170 3153 vocabulum
1190 3120 1308 3152 tamen
1327 3116 1422 3161 quod
1441 3116 1586 3161 placeat
1611 3127 1685 3151 33033
1703 3118 1842 3162 reperio
