2242 3496
428 174 483 216 82
1028 170 1074 206 M.
1104 169 1244 206 TVLLI
1271 166 1520 207 CICERONIS

427 283 615 326 officium
648 285 881 338 praestare,
913 283 1069 335 tamen,
1103 293 1210 335 quae
1237 279 1282 322 in
1308 279 1553 335 praesentia
1578 280 1623 322 in
1648 283 1835 324 mentem
1872 281 1979 324 mihi
2006 296 2125 324 vene-

425 358 543 410 runt,
576 355 741 396 decrevi
775 352 894 393 brevi
927 352 979 393 ad
1011 353 1053 392 te
1085 352 1369 406 perscribere,
1407 367 1494 393 non
1527 366 1611 406 quo
1646 367 1695 394 ea
1725 355 1768 395 te
1800 353 1949 409 fugere
1983 353 2126 395 existi-

377 438 396 466 2
425 441 550 480 mem,
583 426 653 466 sed
688 423 800 477 quod
832 422 1017 463 forsitan
1043 422 1190 464 dolore
1223 423 1455 477 impeditus
1483 423 1625 465 minus
1652 439 1701 465 ea
1726 424 1971 479 perspicias.
2024 424 2126 478 quid

423 500 509 549 est,
542 495 653 549 quod
686 496 809 534 tanto
843 508 970 548 opere
1003 496 1045 534 te
1079 496 1348 536 commoveat
1381 496 1481 535 tuus
1514 493 1638 535 dolor
1669 495 1931 536 intestinus?
1969 495 2124 550 cogita,

423 565 781 620 quemadmodum
810 564 947 605 adhuc
974 564 1150 606 fortuna
1181 565 1406 606 nobiscum
1433 565 1588 620 egerit:
1621 579 1671 606 ea
1695 565 1821 607 nobis
1847 569 1994 620 erepta
2019 580 2123 620 esse,
2163 579 2177 602 ⁵

423 652 528 690 quae
563 635 810 676 hominibus
843 649 930 676 non
962 636 1103 677 minus
1138 650 1266 689 quam
1298 636 1424 677 liberi
1458 651 1556 677 cara
1588 650 1680 677 esse
1713 636 1888 692 debent,
1927 637 2124 692 patriam,

423 708 705 760 honestatem,
738 706 1010 761 dignitatem,
1041 707 1227 748 honores
1262 707 1411 748 omnis.
1462 706 1544 748 hoc
1570 721 1654 748 uno
1681 707 1952 749 incommodo
1979 708 2124 749 addito

422 778 522 831 quid
555 777 607 817 ad
640 777 832 818 dolorem
873 778 1048 833 adiungi
1087 778 1260 832 potuit?
1299 781 1373 819 ant
1414 778 1487 832 qui
1525 793 1612 819 non
1644 778 1688 819 in
1720 777 1805 819 illis
1844 779 1972 820 rebus
2011 793 2125 820 exer-

420 848 578 889 citatus
613 848 781 889 animus
821 849 975 890 callere
1009 850 1095 890 iam
1127 850 1254 891 debet
1287 853 1415 904 atque
1450 850 1594 890 omnia
1626 849 1804 891 minoris
1847 849 2124 891 existimare?

372 932 379 957 .·
419 934 471 959 an
507 918 620 959 illius
654 918 802 973 vicem,
835 920 972 975 credo,
1005 921 1151 962 doles?
1185 921 1384 975 quotiens
1416 921 1461 961 in
1487 935 1582 961 eam
1609 920 1920 975 cogitationem
1946 935 2118 962 necesse

419 992 484 1030 est
523 991 573 1031 et
606 992 653 1030 tu
692 991 857 1031 veneris
897 994 939 1032 et
976 1006 1055 1032 nos
1101 1006 1225 1046 saepe
1267 991 1513 1046 incidimus,
1558 992 1676 1033 hisce
1721 992 1989 1046 temporibus
2033 1006 2121 1032 non

418 1061 601 1114 pessime
634 1076 729 1102 eum
763 1061 823 1103 eis
857 1076 949 1103 esse
983 1065 1138 1118 actum,
1172 1063 1328 1116 quibus
1355 1063 1446 1104 sine
1474 1062 1620 1104 dolore
1646 1062 1819 1103 licitum
1846 1065 1912 1104 est
1938 1065 2122 1104 mortem

418 1146 514 1172 cnm
548 1132 637 1173 vita
670 1134 952 1174 commutare!
1004 1133 1106 1187 quid
1139 1136 1283 1174 autem
1317 1133 1411 1183 fuit,
1445 1134 1556 1187 quod
1590 1134 1710 1174 illam
1736 1134 1819 1174 hoc
1845 1135 2040 1187 tempore
2067 1133 2119 1174 ad

418 1203 645 1247 vivendum
672 1218 829 1258 magno
864 1219 990 1258 opere
1024 1204 1207 1245 invitare
1234 1204 1412 1258 posset?
1445 1218 1552 1257 quae
1580 1206 1677 1246 res?
1711 1219 1817 1259 quae
1844 1205 1971 1258 spes?
2005 1205 2119 1258 quod

417 1274 547 1314 animi
593 1273 830 1316 solacium?
893 1278 942 1316 ut
990 1291 1086 1317 cum
1132 1276 1276 1329 aliquo
1323 1275 1594 1316 adulescente
1638 1276 1845 1330 primario
1891 1275 2122 1317 coniuncta

417 1348 604 1386 aetatem
637 1347 837 1400 gereret?
886 1347 1056 1388 licitum
1090 1348 1155 1387 est
1187 1346 1288 1401 tibi,
1321 1347 1465 1400 credo,
1498 1361 1576 1400 pro
1608 1349 1684 1387 tua
1716 1347 1928 1402 dignitate
1960 1361 2010 1388 ex
2041 1347 2123 1388 hae

418 1416 640 1457 iuventute
680 1431 885 1471 generum
924 1418 1120 1473 diligere,
1160 1418 1280 1459 cuius
1320 1418 1419 1458 fidei
1451 1418 1611 1459 liberos
1653 1420 1751 1459 tuos
1791 1420 1833 1459 te
1872 1420 1968 1459 tuto
2008 1433 2122 1459 com-

421 1487 593 1528 mittere
644 1489 840 1542 putares!
904 1503 957 1529 an
1000 1491 1049 1529 ut
1093 1504 1142 1529 ea
1187 1489 1346 1530 liberos
1392 1504 1443 1530 ex
1488 1503 1579 1530 sese
1629 1491 1822 1544 pareret,
1872 1503 1979 1543 quos
2025 1503 2121 1530 cum

419 1558 612 1599 florentis
652 1558 832 1613 videret,
877 1560 1142 1601 laetaretur?
1192 1560 1265 1614 qui
1306 1575 1398 1601 rem
1437 1575 1462 1601 a
1500 1563 1678 1614 parente
1718 1559 1925 1602 traditam
1961 1575 2039 1615 per
2076 1574 2121 1601 sc

419 1631 563 1670 tenere
596 1633 793 1685 possent,
824 1631 1009 1672 honores
1044 1630 1275 1672 ordinatim
1307 1630 1488 1685 petituri
1521 1634 1676 1686 essent,
1708 1631 1753 1672 in
1784 1646 1828 1672 re
1860 1630 2045 1686 publica,
2077 1630 2122 1672 in

420 1699 655 1741 amicorum
694 1701 882 1756 negotiis
924 1702 1126 1744 libertate
1161 1718 1236 1743 sua
1268 1702 1363 1743 uti?
1415 1702 1513 1757 quid
1553 1702 1709 1743 horum
1740 1701 1843 1757 fuit,
1885 1702 1999 1756 quod
2035 1717 2122 1743 non

421 1772 541 1825 prius
576 1786 703 1825 quam
736 1772 884 1813 datum
918 1775 994 1828 est,
1031 1774 1279 1827 ademptum
1313 1773 1400 1814 sit?
1445 1773 1506 1813 ‘at
1538 1788 1638 1814 vero
1672 1773 1833 1814 malum
1866 1775 1932 1815 est
1962 1773 2123 1815 liberos

419 1842 645 1884 amittere.’
698 1843 878 1884 malum:
910 1843 993 1885 nisi
1019 1845 1101 1886 hoc
1126 1844 1248 1898 peius
1275 1844 1344 1899 sit,
1378 1844 1483 1885 haec
1511 1844 1687 1885 sufferre
1715 1847 1758 1885 et
1783 1843 1961 1898 perpeti.
2015 1859 2122 1899 quae

418 1929 484 1954 res
525 1913 629 1954 mihi
668 1929 755 1955 non
794 1915 1052 1957 mediocrem
1086 1915 1428 1957 consolationem
1467 1915 1634 1964 attulit,
1677 1915 1776 1956 volo
1815 1914 1897 1955 tibi
1942 1930 2123 1957 comme-

420 1999 604 2039 morare,
643 1985 679 2026 si
719 1985 830 2026 forte
870 1987 1017 2028 eadem
1050 2002 1116 2028 res
1150 1987 1231 2027 tibi
1271 1986 1463 2028 dolorem
1506 1986 1697 2027 minuere
1729 1986 1880 2040 possit.
1932 2001 1983 2027 ex
2014 1986 2121 2028 Asia

418 2055 584 2097 rediens
617 2071 714 2097 cum
747 2057 801 2098 ab
829 2057 997 2113 Aegina
1029 2058 1252 2114 Megaram
1284 2072 1433 2099 versus
1466 2058 1730 2114 navigarem,
1762 2057 1884 2112 coepi
1919 2058 2118 2114 regiones

538 2170 568 2200 2.
597 2165 744 2200 decreui
778 2168 825 2201 ad
859 2169 896 2202 te
930 2168 1036 2203 breui
1065 2169 1098 2204 G
1128 2170 1139 2214 11
1171 2168 1331 2203 scribere
1360 2169 1431 2204 GR
1462 2171 1474 2214 ΙΙ
1504 2180 1579 2204 non
1610 2180 1682 2213 quo
1716 2179 1761 2202 ea
1787 2168 1847 2213 M,
1878 2179 1999 2213 neque
2025 2180 2048 2203 a
2076 2170 2120 2213 G,

418 2242 491 2265 non
516 2232 574 2275 (eae
593 2243 656 2265 mn
674 2244 718 2267 m.
743 2234 776 2277 1)
802 2233 902 2276 quod
929 2244 973 2268 ea
993 2234 1029 2268 R
1048 2236 1059 2279 ΙΙ
1079 2237 1111 2269 3.
1126 2237 1157 2269 4.
1180 2234 1278 2278 quod
1307 2236 1362 2269 est
1385 2235 1418 2269 G
1437 2237 1448 2280 [Ι
1468 2239 1498 2269 4.
1515 2218 1603 2279 quii,
1629 2234 1654 2268 d
1678 2246 1702 2268 a
1726 2245 1770 2268 m.
1801 2238 1838 2277 1,
1871 2237 1913 2268 ut
1936 2235 2022 2278 vid„
2048 2235 2123 2294 ΜΗ

418 2279 612 2323 tantopere
638 2279 674 2313 R
711 2280 722 2323 Η
758 2281 834 2314 tete
864 2281 897 2315 G
939 2283 950 2326 ΙΙ
994 2284 1025 2316 5.
1053 2292 1098 2315 ea
1125 2282 1216 2325 MR,
1244 2283 1282 2315 et
1309 2283 1342 2317 G
1373 2284 1384 2327 Η
1423 2285 1452 2317 7.
1479 2281 1630 2316 honoris
1656 2281 1738 2316 MG
1765 2282 1776 2324 Η
1805 2279 1935 2315 addito
1961 2292 2027 2316 om.
2054 2281 2091 2316 R
2111 2282 2122 2328 ΣΙ

418 2330 449 2361 8.
477 2327 543 2360 aut
567 2326 622 2370 M,
649 2336 694 2360 an
726 2327 796 2361 GR
827 2329 838 2372 Η
869 2327 908 2361 in
933 2340 998 2363 om.
1026 2329 1062 2363 R
1093 2330 1104 2373 ΙΙ
1138 2332 1191 2364 10.
1219 2330 1283 2373 an]
1312 2330 1352 2363 at
1378 2330 1545 2364 Manutiz·
1570 2340 1614 2364 ae
1639 2329 1816 2363 Lambini
1851 2330 2015 2372 quamvis
2035 2339 2121 2373 pro-

418 2375 541 2408 batum
572 2374 809 2410 Laehmcmno
841 2376 904 2419 (ad
935 2376 1045 2411 Luco:
1073 2375 1106 2410 V
1134 2378 1216 2420 175)
1248 2378 1490 2411 necessarimm
1527 2388 1602 2411 'non
1634 2380 1725 2420 puto
1763 2377 1773 2420 ΙΙ
1811 2375 1919 2409 credo
1957 2387 2023 2411 om.
2058 2376 2092 2411 G
2111 2380 2122 2422 11

420 2424 474 2455 10.
498 2425 549 2455 11.
574 2431 724 2456 necesse
750 2423 808 2456 est
832 2423 874 2456 tu
900 2422 1044 2457 veneris
1059 2434 1184 2457 —nos
1211 2434 1322 2467 saepe
1343 2424 1742 2467 Hofhnaom-Andresen
1763 2423 1941 2466 probante
1960 2423 2120 2458 Beehero

419 2468 687 2510 (Woclmozselw.
708 2470 734 2512 f.
755 2470 862 2504 Mass.
888 2471 1019 2505 Plesiloz.
1043 2474 1134 2505 1889
1156 2483 1194 2515 p.
1219 2473 1323 2515 1227)
1351 2473 1414 2515 qui
1439 2476 1559 2506 tamen
1584 2472 1738 2506 alterum
1763 2470 1801 2504 et
1826 2473 1919 2505 temet
1937 2471 1949 2515 ΙΙ
1970 2473 2023 2505 12.
2049 2469 2118 2515 eis]

418 2514 476 2548 his
504 2517 548 2559 Ω,
574 2514 620 2549 iis
648 2527 668 2552 ς
698 2519 709 2561 Η
738 2527 818 2551 esse
845 2528 910 2552 om.
937 2518 973 2552 R
1005 2519 1016 2562 ΙΙ
1049 2521 1102 2552 13.
1129 2517 1197 2551 illa
1223 2518 1273 2552 M
1300 2520 1310 2562 ΙΙ
1345 2522 1397 2554 14.
1424 2518 1601 2553 uiendum
1628 2519 1706 2563 (sic)
1732 2529 1776 2552 eoe
1800 2516 2006 2551 uidendum
2031 2517 2093 2551 Ml
2110 2524 2121 2561 η

418 2573 644 2607 magnopere
691 2564 762 2598 GR
804 2565 815 2609 Η
861 2568 913 2599 15.
960 2565 1196 2600 coniunctam
1244 2567 1302 2609 (ea)
1349 2565 1681 2610 coniunctamtem)
1716 2565 1749 2600 G
1797 2565 1808 2608 ΙΙ
1859 2568 1914 2599 16.
1959 2565 2119 2610 gereret]

420 2612 548 2654 ageret
575 2622 605 2653 ς,
634 2612 728 2655 quod
749 2613 882 2655 probat
902 2612 1064 2647 Schmcdz
1091 2614 1143 2657 (p.
1169 2614 1261 2655 127),
1289 2613 1442 2657 degeret
1467 2614 1613 2659 Kayser
1631 2614 1643 2658 u
1664 2615 1718 2648 17.
1745 2611 1902 2656 diligere
1923 2613 1967 2656 Ω,
1996 2611 2066 2647 del.
2088 2623 2119 2649 ς.

419 2658 460 2690 m
480 2662 656 2701 perpetuo
682 2659 843 2693 codicum
869 2660 1033 2694 dissensu
1046 2680 1091 2685 ——-
1105 2672 1136 2695 v.
1161 2660 1196 2695 G.
1214 2660 1261 2694 F.
1277 2660 1333 2694 W.
1349 2661 1487 2695 Mamer
1507 2662 1556 2696 ad
1577 2661 1647 2695 Cic.
1675 2671 1730 2704 op.
1751 2664 1774 2694 t.
1795 2659 1856 2703 IV,
1877 2662 1897 2693 2
1919 2671 1959 2703 p.
1981 2662 2060 2702 189,
2076 2663 2120 2693 18

420 2708 451 2737 et
477 2706 525 2739 ad
552 2704 676 2740 Lael.²
696 2718 733 2748 p.
757 2709 823 2740 391
846 2727 889 2730 —
910 2708 1129 2742 diiudicatio
1155 2708 1332 2751 difficilis,
1358 2710 1398 2742 in
1424 2708 1586 2752 Sulpicio
1607 2708 1821 2752 praesertim
1839 2707 1851 2751 ΙΙ
1869 2706 1954 2740 tuos
1973 2717 2038 2740 om.
2059 2706 2096 2740 R
2110 2708 2120 2751 Η

422 2755 475 2785 18.
504 2763 551 2785 an
577 2753 619 2785 nt
645 2764 689 2786 ea
717 2753 816 2796 MR,
849 2755 891 2787 ut
916 2755 1029 2788 antea
1056 2755 1089 2789 G
1120 2756 1131 2799 Η
1162 2754 1299 2788 liberos
1326 2755 1422 2789 filios
1449 2767 1493 2789 ex
1521 2756 1554 2790 G
1585 2756 1596 2800 ΙΙ
1627 2754 1778 2800 pararet
1804 2755 1850 2787 M
1880 2755 1893 2798 ss
1924 2755 1977 2787 19.
2006 2763 2028 2786 a
2052 2764 2117 2797 pa-

421 2800 523 2833 rente
553 2800 601 2842 G,
629 2805 662 2834 et
689 2802 848 2835 radendo
875 2801 926 2845 R,
960 2803 1162 2846 apparente
1189 2802 1289 2837 MR1
1321 2806 1331 2847 Η
1363 2807 1418 2838 21.
1446 2802 1501 2837 uti
1527 2804 1690 2847 quamvis
1714 2801 1887 2836 dubitans
1912 2801 2030 2843 tenui,
2061 2800 2120 2834 usi

422 2849 453 2878 et
479 2846 579 2879 usuri
606 2848 693 2890 alsit,
722 2848 913 2881 uterentur
939 2860 959 2885 ς
979 2850 990 2892 Η
1010 2848 1100 2892 quid
1127 2850 1180 2893 M,
1208 2850 1308 2893 quod
1337 2851 1408 2885 GR
1432 2851 1443 2894 Η
1468 2854 1523 2884 22.
1552 2849 1769 2894 ademptum
1793 2847 1860 2882 Mc
1870 2847 1913 2890 G,
1941 2846 2118 2892 adeptum

424 2891 470 2923 M
475 2892 526 2926 ¹1?
551 2895 562 2936 11
588 2894 635 2927 ad
662 2894 709 2927 M
729 2896 740 2939 Η
766 2898 821 2929 23.
850 2894 914 2939 sit]
941 2897 998 2929 est
1026 2897 1235 2942 lVesenbery
1259 2898 1271 2941 ΙΙ
1297 2900 1352 2933 24.
1380 2897 1510 2931 attulit
1534 2898 1589 2942 (in
1611 2898 1682 2941 fine
1706 2906 1755 2931 vs.
1782 2905 1848 2929 om.
1875 2905 1899 2928 a
1923 2893 1992 2940 R)]
2019 2895 2117 2929 attu-

422 2937 508 2971 lerit
532 2941 608 2975 ulfi.
636 2946 674 2976 (at
699 2942 745 2984 cf.
766 2942 928 2976 *S'chmalz
948 2954 986 2985 p.
1010 2946 1076 2976 125
1096 2945 1107 2987 ΙΙ
1127 2947 1181 2979 25.
1210 2948 1265 2979 26.
1293 2955 1337 2978 ex
1362 2944 1453 2978 Asia
1478 2943 1624 2978 rediens
1649 2941 1732 2988 eqs.]
1759 2942 1804 2985 cf.
1825 2940 1988 2976 Ambo-os.
2011 2942 2032 2976 l.
2053 2943 2087 2977 d.
2108 2943 2120 2988 Η

424 2988 477 3018 26.
505 2987 656 3021 redeens
684 2989 731 3021 M
746 2990 758 3033 Η
776 2999 966 3033 megaram
992 3000 1120 3023 uersus
1146 2991 1366 3036 nauigarem
1391 2992 1446 3036 M,
1472 3001 1659 3035 megarem
1688 2989 1768 3024 GR.
1795 2988 1950 3032 Megara
1974 3000 2019 3023 ‘ne
2038 2991 2119 3034 quis

424 3043 503 3065 cum
524 3034 713 3079 Madvfyio
739 3036 848 3079 (Mdv.
872 3037 935 3070 022⁷
959 3036 991 3069 H
1013 3049 1050 3080 p.
1073 3041 1152 3081 298,
1170 3039 1203 3081 1)
1229 3043 1392 3083 reponat,
1417 3039 1554 3075 cavebit
1573 3040 1719 3081 praeter
1738 3037 1898 3071 Neuium
1918 3035 1966 3079 <1²
1980 3047 2018 3081 p.
2034 3037 2119 3081 479)

423 3079 530 3113 inser,
556 3081 591 3113 (ἴ.
612 3083 643 3115 J.
665 3083 708 3115 L.
730 3082 745 3115 Ι
765 3094 803 3126 p.
826 3086 910 3126 472,
938 3082 988 3116 ΙΧ
1009 3098 1015 3116 z
1037 3084 1105 3128 (ar)
1131 3084 1289 3119 taciram
1316 3086 1552 3129 (Artageram
1579 3084 1665 3119 Vell.
1693 3083 1743 3127 ΙΙ,
1766 3087 1849 3126 102,
1871 3084 1923 3127 2),
1959 3095 2040 3118 cum
2070 3083 2117 3118 τὰ

421 3123 627 3170 Ἀρτάγειρα
656 3129 804 3163 Graecis
828 3130 940 3171 fuerit
968 3130 1115 3173 (Zomtr.
1137 3131 1179 3176 X,
1201 3135 1259 3175 36)

2145 935 2176 958 10

2145 1287 2177 1313 15

2145 1643 2179 1667 20

2142 1997 2176 2022 25
