2242 3496
399 161 483 202 306
993 156 1040 190 Μ.
1068 154 1206 189 TVLLI
1234 152 1484 188 CICERONIS

398 268 584 309 hominis
625 267 781 321 impuri
823 267 865 306 et
903 262 1123 304 servitutis
1163 261 1286 302 dolor
1327 260 1529 315 depulsus
1567 275 1660 302 esse
1698 261 1911 316 videatur,
1944 277 2011 304 res
2049 279 2087 318 p.

399 339 533 380 iaceat
578 338 621 378 in
666 336 725 377 eis
768 333 1185 388 perturbationibus,
1228 331 1271 371 in
1317 345 1423 385 quas
1468 345 1562 371 eam
1605 330 1679 371 ille
1725 332 1920 374 coniecit.
1981 333 2087 375 haee.

397 409 538 450 omnia
571 407 690 448 vobis
722 407 821 445 sunt
846 402 1116 457 expedienda,
1147 416 1225 442 nec
1251 401 1333 442 hoc
1361 401 1650 455 cogitandum,
1685 402 1789 442 satis
1817 403 1903 444 iam
1929 403 2088 445 habere

396 494 484 520 rem
515 494 554 532 p.
586 492 610 517 a
641 477 779 517 vobis:
812 474 944 515 habet
969 473 1043 513 illa
1070 472 1242 526 quidem
1269 474 1451 524 tantum,
1484 474 1694 525 quantum
1720 487 1955 527 numquam
1981 474 2089 515 mihi

394 551 437 590 in
470 551 654 588 mentem
689 545 804 586 venit
838 547 1003 598 optare,
1044 543 1117 584 sed
1150 545 1353 583 contenta
1390 556 1477 582 non
1509 544 1575 582 est
1606 546 1649 584 et
1680 558 1758 597 pro
1791 545 2088 599 magnitudine
2127 559 2142 583 5

394 622 435 660 et
468 618 596 658 animi
637 619 680 656 et
712 615 907 655 beneficii
944 614 1078 654 vestri
1118 628 1143 654 a
1180 613 1303 654 vobis
1342 626 1500 667 magna
1539 613 1762 655 desiderat.
1821 614 1958 656 adhuc
1996 615 2089 656 ulta

393 704 489 729 suas
521 687 698 728 iniurias
732 688 797 727 est
828 700 904 739 per
929 699 1004 726 vos
1031 683 1210 725 interitu
1236 683 1410 738 tyranni
1438 708 1491 711 —
1519 683 1627 724 nihil
1655 684 1840 739 amplius
1870 709 1935 739 —,
1968 700 2088 727 orna·
2126 680 2129 683 ⁵

394 762 534 799 menta
566 772 664 799 vero
699 771 775 797 sua
808 770 915 810 quae
948 754 1234 809 reciperavit?
1273 769 1326 794 an
1359 753 1475 807 quod
1507 754 1545 795 31
1578 757 1749 797 mortuo
1780 758 1923 811 paret,
1962 771 2088 810 quem

391 829 533 869 vivum
565 827 676 869 ferre
708 842 795 868 non
820 826 1022 881 poterat?
1056 825 1175 867 cuius
1203 839 1302 866 aera
1328 824 1507 879 refigere
1533 825 1807 881 debebamus,
1840 825 1930 867 eius
1958 827 2088 868 etiam

390 898 676 953 chirographa
719 896 1020 938 defendimus?
1077 895 1145 936 ‘at
1189 896 1303 936 enim
1349 895 1411 936 ita
1459 896 1752 938 decrevimus?
1819 897 2000 939 fecimus
2043 897 2087 938 id
2109 912 2151 942 ια

389 970 559 1023 quidem
598 969 864 1022 temporibus
904 967 1118 1021 cedentes,
1159 981 1266 1021 quae
1304 966 1449 1007 valent
1487 966 1532 1007 in
1569 981 1614 1008 re
1646 982 1687 1022 p.
1718 966 1972 1022 plurimum3
2015 968 2088 1009 sed

387 1040 664 1080 immoderate
698 1039 871 1092 quidam
912 1041 956 1078 et
986 1038 1156 1092 ingrate
1194 1040 1346 1079 nostra
1383 1037 1593 1079 facilitate
1632 1039 1883 1080 abutuntur.
1939 1054 2088 1080 verum

387 1111 490 1152 haec
522 1110 769 1164 propediem
808 1112 850 1150 et
888 1108 1025 1149 multa
1063 1108 1148 1150 alia
1186 1123 1349 1150 coram:
1394 1108 1570 1149 interim
1607 1108 1737 1150 velim
1776 1110 1838 1151 sic
1877 1109 1958 1151 tibi
1996 1124 2089 1164 per-

387 1181 582 1236 suadeas,
626 1180 732 1221 mihi
777 1195 873 1221 cum
910 1179 972 1220 rei
1010 1194 1068 1233 p.,
1113 1194 1241 1233 quam
1281 1193 1449 1233 semper
1485 1178 1617 1221 habui
1663 1180 1950 1233 carissimam,
1994 1184 2088 1222 tum

386 1253 543 1293 amoris
563 1252 704 1293 nostri
730 1265 859 1293 causa
885 1250 1095 1291 maximae
1116 1265 1241 1292 curae
1263 1265 1355 1292 esse
1377 1252 1497 1291 tuam
1519 1250 1787 1305 dignitatem.
1828 1252 1882 1292 da
1901 1265 2088 1306 operam,
2108 1264 2141 1289 15

384 1326 432 1364 ut
463 1324 618 1366 valeas.
674 1323 780 1364 vale.

1113 1404 1169 1446 Π.
1215 1402 1352 1461 (342.)

971 1497 1181 1541 01011110
1217 1497 1420 1542 GAsslo
1456 1497 1497 1541 S.

502 1595 792 1637 Vehementer
823 1594 963 1635 laetor
993 1593 1074 1635 tibi
1100 1594 1277 1648 probari
1306 1593 1567 1635 sententiam
1593 1597 1636 1635 et
1662 1594 1902 1636 orationem
1928 1609 2087 1649 meam3

383 1681 466 1721 qua
498 1667 533 1708 si
567 1666 735 1720 saepius
768 1665 834 1706 uti
865 1665 1032 1720 liceret,
1074 1665 1184 1706 nihil
1224 1667 1339 1706 esset
1370 1664 1537 1719 negotii
1569 1664 1817 1706 libertatem
1849 1667 1893 1707 et
1923 1680 2015 1707 rem
2046 1681 2085 1720 p.
2107 1679 2141 1703 20

382 1738 637 1792 reciperare3
672 1737 744 1778 sed
775 1736 906 1778 homo
934 1750 1080 1777 amens
1109 1738 1152 1776 et
1177 1735 1373 1790 perditus
1400 1735 1623 1790 multoque
1649 1735 1832 1790 nequior
1858 1750 1987 1790 quam
2013 1737 2087 1778 ille

381 1809 488 1863 ipse,
533 1823 658 1863 quem
697 1811 745 1849 tu
784 1807 1099 1862 nequissimum
1141 1807 1330 1848 occisum
1376 1821 1468 1847 esse
1516 1806 1682 1861 dixisti,
1727 1798 2087 1848 caedis-initium

381 1880 565 1934 quaerit,
608 1880 857 1933 nullamque
891 1879 1021 1919 aliam
1054 1878 1108 1919 ob
1143 1892 1317 1920 causam
1354 1892 1422 1919 me
1463 1881 1684 1919 auctorem
1722 1877 1855 1919 fuisse
1889 1876 2086 1919 Caesaris

381 1949 664 1991 interficiendi
697 1949 961 2003 criminatur,
993 1948 1079 1990 nisi
1111 1951 1160 1990 ut
1190 1948 1236 1990 in
1268 1963 1336 1989 me
1362 1948 1554 1989 veterani
1580 1948 1832 1990 incitentur:
1865 1949 1980 2002 quod
2005 1962 2086 2003 ego

381 2020 617 2075 periculum
648 2035 734 2062 non
767 2021 1015 2074 extimesco,
1046 2019 1174 2061 modo
1208 2019 1341 2060 vestri
1370 2018 1475 2060 facti
1502 2019 1688 2074 gloriam
1714 2033 1812 2060 cum
1838 2033 1934 2060 mea
1959 2019 2085 2060 laude
2106 2033 2139 2058 25

382 2092 677 2133 communicet.
733 2092 795 2132 ita
825 2106 904 2133 nec
931 2091 1092 2145 Pisoni,
1126 2089 1200 2144 qui
1232 2090 1277 2130 in
1309 2104 1407 2131 eum
1438 2089 1602 2144 primus
1635 2090 1832 2131 invectus
1865 2092 1932 2131 est
1961 2089 2084 2130 nullo

382 2163 657 2217 adsentiente,
677 2177 754 2204 nec
770 2162 888 2216 mihi,
909 2162 983 2216 qui
1003 2162 1117 2203 idem
1138 2160 1388 2203 tricensimo
1408 2163 1510 2215 post
1529 2161 1596 2202 die
1616 2160 1711 2215 feci,
1729 2175 1809 2202 nec
1823 2159 1869 2201 P.
1886 2158 2080 2215 Servilio,

381 2234 452 2287 qui
485 2248 551 2274 me
584 2236 650 2274 est
682 2236 959 2287 consecutus,
989 2235 1086 2274 tuto
1119 2232 1165 2272 in
1197 2234 1395 2273 senatum
1426 2231 1571 2273 venire
1604 2231 1724 2286 licet3
1762 2231 1934 2273 caedem
1967 2231 2080 2272 enim

381 2303 594 2359 gladiator
626 2303 794 2358 quaerit
826 2304 1000 2358 eiusque
1033 2303 1207 2344 initium
1233 2318 1268 2343 a.
1295 2303 1332 2343 d.
1359 2315 1444 2344 XIII
1469 2302 1522 2344 Κ.
1549 2301 1700 2344 Octob.
1727 2317 1752 2343 a
1778 2316 1846 2343 me
1873 2317 1917 2344 se
1943 2301 2078 2343 factu-

379 2390 473 2416 rum
504 2375 692 2430 putavit,
733 2375 784 2415 ad
818 2389 944 2429 quem
976 2376 1153 2428 paratus
1185 2376 1379 2429 venerat,
1417 2388 1513 2415 cum
1550 2373 1596 2414 in
1626 2373 1731 2414 villa
1762 2371 1928 2414 Metelli
1966 2387 2077 2414 com·
2097 2391 2131 2416 30

378 2446 521 2499 plures
559 2446 648 2486 dies
683 2448 996 2487 commentatus
1036 2448 1167 2499 esset3
1212 2459 1320 2499 quae
1358 2448 1504 2486 autem
1540 2444 1586 2485 in
1626 2443 1774 2485 lustris
1813 2446 1858 2485 et
1893 2443 1938 2484 in
1978 2442 2077 2485 vino

379 2516 685 2557 commentatio
718 2516 863 2570 potuit
895 2517 1017 2557 esse?
1065 2516 1213 2570 itaque
1246 2515 1446 2557 omnibus
1473 2518 1540 2557 est
1565 2515 1697 2570 visus,
1727 2517 1777 2556 ut
1802 2515 1856 2555 ad
1881 2517 1924 2556 te
1950 2516 2078 2556 antea

494 2634 524 2665 2.
552 2629 621 2675 eis]
642 2630 700 2664 his
721 2632 768 2675 Ψ,
788 2630 833 2664 iis
856 2642 876 2668 ς
896 2632 906 2675 Η
926 2635 957 2666 3.
986 2631 1218 2675 expedienda
1238 2631 1325 2665 sunt
1338 2631 1383 2665 H
1397 2633 1408 2675 Η
1428 2634 1459 2665 3.
1481 2633 1513 2666 4.
1534 2641 1612 2664 rem
1631 2642 1666 2675 p.
1687 2630 1825 2664 habere
1839 2630 1884 2665 H
1898 2631 1910 2675 Η
1929 2633 1962 2664 4.
1982 2629 2076 2664 1111111

375 2688 577 2721 numquam
602 2678 672 2722 ΗΗ
699 2681 729 2713 6,
756 2680 908 2724 magna]
936 2678 1079 2712 maiora
1104 2679 1199 2714 Boot
1224 2679 1326 2723 (‘0bs.
1354 2679 1448 2713 crit?
1472 2690 1511 2723 p.
1533 2680 1592 2721 23)
1618 2680 1628 2721 Η
1654 2677 1736 2712 ulta
1761 2678 1858 2722 HD,
1893 2677 1995 2711 ultra
2019 2677 2073 2712 M.

376 2730 525 2759 ceterum
546 2729 627 2769 post
648 2725 779 2768 adhuc,
806 2738 877 2760 non
900 2731 982 2769 post
1003 2725 1200 2769 desiderat,
1227 2726 1400 2760 distinxit
1419 2726 1550 2760 Baiter
1569 2726 1629 2769 (ef.
1651 2725 1776 2770 Klegm
1794 2736 1833 2769 p.
1855 2726 1915 2769 47)
1934 2726 1946 2769 Η
1967 2729 1997 2759 7.
2019 2725 2076 2758 est

376 2771 529 2805 iniurias
562 2773 600 2806 D
643 2773 653 2816 Η
695 2772 791 2806 nihil
829 2773 1005 2818 amplius]
1045 2775 1089 2816 cf.
1124 2774 1314 2808 Lehmann
1347 2784 1385 2817 p.
1413 2776 1457 2806 29
1474 2784 1523 2817 sq.
1567 2773 1579 2817 Η
1622 2775 1654 2807 8.
1692 2771 1928 2816 recuperauit
1958 2771 2040 2805 HD

380 2822 430 2853 10.
458 2819 677 2863 cirographa
692 2820 772 2853 HD
792 2821 802 2864 Η
824 2824 876 2854 10.
902 2824 954 2854 11.
976 2820 1127 2864 quidem
1147 2820 1187 2853 id
1201 2820 1245 2854 H
1259 2821 1271 2864 Η
1295 2823 1346 2854 13.
1369 2819 1446 2854 3113
1459 2820 1550 2862 HD,
1578 2819 1741 2863 3113ΜΗ
1762 2822 1815 2853 15.
1836 2818 1996 2853 maxime
2010 2820 2055 2852 M

376 2875 483 2899 curae
512 2877 591 2900 esse
611 2867 665 2910 M,
693 2877 772 2901 esse
798 2878 883 2901 eure
904 2868 951 2910 D,
980 2878 1087 2902 curae
1108 2868 1151 2902 H
1167 2869 1178 2912 Η
1200 2870 1252 2902 16.
1279 2867 1364 2901 vale
1391 2868 1457 2902 del.
1479 2866 1604 2912 Kleyn
1621 2868 1633 2911 Η
1653 2870 1708 2900 21.
1734 2876 1951 2909 recuperare
1971 2865 2053 2899 HD

377 2915 429 2946 23.
458 2912 570 2946 aliam
595 2925 660 2948 om.
688 2915 729 2948 H
735 2913 743 2934 ¹
772 2915 783 2958 Η
813 2915 1001 2948 auctorem
1026 2926 1069 2949 ea:
1096 2916 1162 2948 aut
1186 2916 1305 2948 torem
1330 2914 1379 2948 M
1405 2915 1417 2958 Η
1448 2917 1503 2949 24.
1528 2913 1568 2947 in
1593 2923 1651 2947 me
1677 2913 1768 2956 HD,
1793 2911 1891 2947 inter
1914 2923 1973 2946 me
1999 2913 2045 2947 M

376 2962 430 2992 ⁶25.
457 2960 564 2993 modo
589 2961 643 3003 M,
671 2972 742 3004 quo
767 2961 877 2995 modo
905 2962 986 2996 HD
1010 2963 1021 3005 Η
1046 2965 1100 2996 27.
1128 2961 1315 2995 tricesimo
1342 2961 1424 2995 HD
1448 2962 1459 3005 Η
1483 2961 1522 2995 P.
1545 2959 1717 3005 Servilio]
1750 2960 1795 3002 cf.
1821 2960 2074 3004 Dittmberyer

376 3006 423 3038 acl
448 3008 524 3048 ΜΠ.
552 3008 658 3042 inser.
688 3008 750 3042 Gr.
777 3020 811 3042 ν.
834 3012 900 3041 266
939 3010 950 3052 Η
987 3011 1042 3043 ⁴29.
1069 3021 1133 3041 xm
1159 3009 1218 3051 M,
1245 3021 1325 3041 xnn
1351 3008 1432 3042 HD
1467 3009 1479 3052 Η
1516 3011 1571 3042 30.
1599 3007 1648 3041 ad
1673 3017 1786 3050 quam
1813 3018 1832 3043 ς
1867 3008 1879 3051 Η
1915 3005 1956 3040 in
1979 3006 2072 3041 Villa

375 3051 601 3132 {lect-elligpfi
630 3055 770 3089 Dcsscac
795 3056 843 3090 cul
871 3056 906 3090 0.
927 3056 959 3090 I.
979 3056 1022 3089 L.
1046 3056 1131 3089 XIV
1151 3059 1243 3089 3588
1263 3057 1274 3099 Η
1294 3058 1349 3089 31.
1376 3054 1657 3089 commendatus
1677 3053 1759 3088 HD
1778 3054 1789 3098 Η
1809 3057 1864 3088 32.
1885 3064 2070 3088 commen—

376 3110 388 3131 (
403 3109 423 3132 a
439 3110 478 3132 ἲ10
565 3108 583 3132 J
2071 3107 2075 3111 ’
