2242 3496
491 212 828 249 EPISTVLARVM
856 213 949 248 XIV.
977 217 1032 248 21.
1060 216 1114 248 22.
1143 216 1198 248 23.
1225 216 1281 246 24.
1333 211 1410 247 XV.
1441 216 1470 248 1.
1739 211 1824 253 399

917 401 1038 456 XV.

885 557 914 599 I.
961 558 1069 613 (93.)

126 664 185 708 Μ.
215 663 464 707 TVLLIVS
502 664 557 706 M.
592 664 639 706 F.
672 663 884 707 CICERO
926 662 1164 706 PROCOS.
1200 662 1239 705 S.
1273 663 1323 705 D.
1357 661 1474 706 COS.
1508 662 1594 704 PR.
1627 661 1714 704 TR.
1747 661 1828 703 PL.

846 733 1115 776 SENATVI.

250 841 290 884 S.
318 858 352 883 v.
380 857 417 883 v.
443 842 482 883 b.
510 856 543 883 e.
570 856 603 883 e.
631 856 669 897 q.
696 856 733 882 v.
789 840 872 882 etsi
903 855 991 882 non
1022 840 1150 882 dubie
1183 839 1290 882 mihi
1327 840 1611 882 nuntiabatur
1642 839 1829 881 Parthos
1857 849 1874 880 1

94 913 338 955 5transisse
376 912 645 967 Euphratem
684 926 781 954 cum
820 911 1020 953 omnibus
1059 910 1148 952 fere
1188 911 1275 952 suis
1316 911 1468 965 copiis,
1509 913 1673 965 tamen,
1717 910 1830 965 quod

129 984 373 1026 arbitrabar
404 998 429 1025 a
461 982 516 1024 M.
543 982 700 1025 Bibulo
734 996 900 1037 procos.
933 981 1118 1023 certiora
1151 982 1200 1023 de
1233 982 1294 1023 eis
1327 982 1455 1023 rebus
1494 982 1545 1022 ad
1583 996 1658 1023 vos
1699 981 1830 1024 scribi

127 1069 272 1110 posse,
310 1054 556 1096 statuebam
587 1054 694 1095 mihi
725 1068 814 1095 non
844 1067 1018 1094 necesse
1058 1067 1151 1094 esse
1188 1053 1359 1107 publice
1399 1053 1584 1095 scribere
1618 1067 1682 1106 ea,
1722 1067 1830 1107 quae

128 1125 179 1167 de
217 1125 395 1167 alterius
439 1124 660 1180 provincia
703 1124 1024 1178 nuntiarentur,
1069 1126 1222 1178 postea
1260 1139 1361 1165 vero
1408 1138 1536 1179 quam
1578 1123 1830 1165 certissimis

129 1196 396 1251 auctoribus,
439 1195 596 1251 legatis
640 1195 805 1237 nuntiis
848 1195 1028 1249 litteris,
1073 1209 1168 1236 sum
1207 1194 1365 1237 certior
1409 1195 1566 1249 factus,
1610 1194 1678 1235 vel
1717 1194 1830 1249 quod

77 1280 109 1306 ιο
128 1267 251 1309 tan'ta
289 1281 357 1309 res
395 1269 488 1308 erat
525 1266 592 1308 vel
631 1267 745 1321 quod
787 1266 979 1307 nondum
1024 1266 1293 1307 audieramus
1332 1265 1539 1307 Bibulum
1577 1265 1621 1306 in
1661 1263 1831 1319 Syriam

124 1338 292 1380 venisse
324 1338 391 1379 vel
425 1337 526 1392 quia
558 1337 876 1379 administratio
909 1337 1037 1378 huius
1082 1337 1186 1378 belli
1225 1337 1332 1378 mihi
1371 1351 1467 1378 cum
1499 1335 1657 1377 Bibulo
1696 1350 1830 1390 paene

125 1411 192 1450 est
224 1409 488 1463 communis,
520 1422 628 1463 quae
661 1409 713 1450 ad
747 1423 813 1450 me
846 1408 990 1450 delata
1022 1411 1185 1460 essent,
1218 1408 1444 1450 scribenda
1475 1407 1527 1449 ad
1560 1421 1636 1449 vos
1669 1406 1831 1461 putavi.

124 1479 240 1534 regis
273 1479 482 1522 Antiochi
515 1479 798 1535 Commageni
828 1479 964 1535 legati
997 1479 1125 1534 primi
1154 1479 1261 1520 mihi
1286 1479 1542 1521 nuntiarunt
1567 1477 1831 1519 Parthorum
1858 1487 1878 1517 2

125 1564 306 1606 magnas
339 1551 484 1605 copias
511 1550 784 1606 Euphratem
809 1550 996 1592 transire
1024 1550 1233 1605 coepisse,
1268 1565 1351 1605 quo
1378 1549 1532 1591 nuntio
1560 1548 1707 1602 allato,
1736 1564 1833 1591 cum

72 1635 105 1661 15
125 1624 270 1663 essent
312 1622 530 1677 nonnulli,
575 1622 649 1676 qui
688 1622 727 1663 ei
765 1621 857 1677 regi
902 1622 1115 1663 minorem
1158 1621 1287 1662 fidem
1331 1621 1572 1663 habendam
1616 1622 1833 1675 putarent,

125 1692 262 1735 statui
281 1692 617 1747 exspectandum
638 1707 743 1747 esse,
771 1693 807 1734 si
829 1693 930 1747 quid
957 1693 1116 1735 certius
1143 1692 1394 1734 adferretur.
1437 1707 1472 1734 a.
1492 1692 1528 1733 d.
1550 1704 1633 1733 X111
1655 1691 1705 1732 K.
1727 1690 1832 1746 Oct„

126 1778 224 1806 cum
256 1763 494 1806 exercitum
526 1764 572 1805 in
598 1761 797 1805 Ciliciam
828 1763 1040 1818 ducerem,
1071 1763 1117 1804 in
1142 1762 1311 1814 finibus·
1328 1761 1572 1817 Lycaoniae
1600 1764 1643 1804 et
1669 1761 1832 1817 Cappa-

127 1834 273 1876 dociae
306 1834 414 1876 mihi
445 1834 617 1877 litterae
649 1834 841 1876 redditae
875 1837 977 1876 sunt
1008 1849 1034 1876 a
1061 1833 1411 1887 Tarcondimoto,
1444 1831 1518 1888 qui
1549 1833 1830 1875 fidelissimus

243 1990 275 2021 1.
301 1987 417 2022 Libro
448 1988 576 2032 quinto
608 1987 743 2022 decimo
772 1988 813 2022 in
838 1986 930 2021 ΜΗ
958 2008 1000 2012 -
1032 1986 1072 2022 D
1097 1991 1194 2022 caret
1226 2006 1271 2012 —
1301 1986 1360 2020 hie
1386 1987 1610 2030 praemissus
1640 1989 1691 2021 est
1722 1985 1833 2020 index

122 2034 285 2079 (leviores
310 2034 487 2079 quaedam
506 2034 552 2069 H
572 2035 839 2079 discrepantiae
859 2036 1008 2069 omissae
1027 2036 1144 2078 suno:
1183 2033 1248 2068 AD
1285 2032 1516 2067 SENATVM
1551 2034 1651 2077 (haec
1670 2044 1735 2068 om..
1758 2032 1829 2077 H).

124 2085 155 2117 1.
181 2081 230 2116 M.
251 2081 394 2116 TVLLI
418 2081 562 2126 (tullius
589 2081 649 2126 Η)
675 2082 723 2116 M.
750 2081 789 2116 F.
818 2080 988 2116 CICERO
1014 2080 1210 2116 PROCOS.
1238 2080 1272 2115 S.
1299 2079 1342 2114 D.
1369 2080 1468 2124 (haec
1494 2081 1565 2115 duo
1591 2093 1622 2115 v.
1649 2091 1714 2115 om.
1740 2080 1800 2124 Η)
1824 2086 1827 2124 1

124 2127 221 2164 COS.
243 2129 321 2174 (hoc
340 2141 371 2164 v.
386 2139 453 2164 om.
469 2128 528 2173 H)
548 2128 620 2163 PR.
643 2128 716 2164 TR.
737 2128 806 2163 PL.
828 2128 1037 2163 SENATVI
1055 2130 1066 2173 ΙΙ
1086 2132 1118 2163 2.
1146 2129 1225 2171 (hoc
1246 2128 1373 2162 lemma
1393 2139 1460 2162 om.
1479 2127 1539 2171 H)
1560 2127 1608 2162 M.
1629 2126 1830 2161 TVLLIVS

123 2175 172 2211 M.
198 2175 237 2211 F.
266 2174 437 2211 CICERO
463 2174 597 2210 PROC.
626 2175 660 2210 S.
687 2176 729 2210 D.
766 2178 770 2218 1
806 2174 902 2210 COS.
930 2175 1002 2210 PR.
1030 2176 1102 2210 TR.
1130 2175 1198 2209 PL.
1227 2173 1436 2210 SENATVI
1473 2176 1484 2218 ΙΙ
1523 2177 1553 2208 3.
1581 2174 1630 2209 M.
1659 2173 1829 2209 CICERO

122 2221 220 2258 IMP.
247 2222 282 2258 S.
308 2222 351 2257 D.
377 2223 426 2258 M.
455 2222 634 2257 CATONI
665 2224 670 2265 1
705 2221 805 2257 CVM
831 2222 896 2256 AD
922 2222 992 2256 ME
1018 2222 1195 2257 LEGATI
1226 2223 1237 2266 ΙΙ
1269 2225 1300 2256 4.
1326 2221 1376 2256 M.
1404 2220 1573 2256 CICERO
1600 2221 1697 2256 IMP.
1725 2221 1759 2256 S.
1785 2220 1828 2256 D.

123 2269 172 2304 M.
199 2268 378 2305 CATONI
411 2273 415 2312 ι
450 2269 622 2304 SVMMA
655 2269 753 2303 TVA
785 2268 1088 2304 AVCTORITAS
1126 2271 1137 2313 ΙΙ
1175 2272 1206 2303 5.
1239 2268 1287 2303 M.
1316 2267 1440 2302 CATO
1474 2269 1507 2304 S.
1534 2268 1577 2304 D.
1605 2267 1831 2303 CICERONI

122 2316 220 2352 IMP.
250 2319 254 2360 Ι
284 2316 416 2358 QVOD
441 2316 503 2351 ET
529 2316 702 2360 RESP.11
735 2320 766 2350 6.
792 2316 840 2350 Μ.
870 2315 1039 2351 CICERO
1067 2316 1101 2351 S.
1127 2316 1169 2350 D.
1196 2316 1245 2351 Μ
1274 2314 1452 2350 CATONI
1484 2317 1488 2360 Ι
1519 2315 1705 2351 LAETVS
1732 2315 1830 2350 SVM

122 2363 338 2399 LAVDARI
361 2363 431 2398 ME
457 2365 468 2408 ΙΙ
497 2367 527 2398 9.
555 2364 602 2398 M.
631 2361 801 2398 CICERO
828 2362 1020 2398 PROCOS.
1051 2363 1084 2398 S.
1111 2363 1152 2398 D
1177 2364 1181 2407 Ι
1210 2363 1258 2398 M
1286 2361 1544 2397 MARCELLO
1573 2362 1669 2398 COS
1696 2362 1827 2408 (desig.

123 2412 208 2446 add.
230 2412 288 2457 H)
312 2412 325 2456 ΙΙ
351 2414 381 2445 7
408 2411 457 2446 M.
479 2409 650 2445 CICERO
677 2409 871 2445 PROCOS.
900 2410 933 2445 S.
961 2410 1002 2445 D.
1034 2414 1037 2453 Ι
1066 2410 1114 2445 Μ.
1141 2408 1399 2444 MARCELLO
1427 2408 1523 2445 COS.
1550 2409 1702 2445 DESIG.
1730 2411 1830 2454 (haec

123 2462 444 2540 {uafflcfflt
465 2457 722 2539 tfflssffi
741 2456 912 2548 ἷῑῖἒῗῖἷῗ
934 2456 1378 2547 &sarazar
1393 2459 1709 2539 afflati&
1731 2457 1827 2539 512¹

125 2550 328 2597 COS.1111.
354 2552 402 2587 M.
425 2551 595 2587 CICERO
622 2551 717 2586 IMP.
740 2552 774 2586 S
795 2551 838 2586 D.
861 2550 926 2595 10.
947 2551 1204 2587 MARCELLO
1232 2550 1328 2586 COS.
1349 2552 1437 2596 1112.
1463 2551 1512 2587 M.
1535 2550 1704 2586 CICERO
1731 2551 1827 2586 ΙΜΡ.

124 2598 158 2634 S.
185 2598 227 2633 D.
264 2602 268 2641 Ι
302 2598 341 2633 L.
367 2598 555 2633 PAVLLO
583 2598 714 2642 (Paulo
742 2598 802 2643 H)
836 2597 933 2633 COS.
961 2598 1112 2634 DESIG.
1151 2600 1162 2643 ΙΙ
1203 2602 1258 2634 13.
1284 2598 1333 2633 M.
1360 2597 1530 2634 CICERO
1565 2598 1659 2633 IMP.

122 2645 161 2681 L.
188 2644 376 2680 PAVLLO
403 2645 535 2688 (Paulo
563 2646 622 2689 H)
649 2644 745 2680 COS.
766 2648 778 2686 ΙΙ
798 2648 851 2679 14
878 2645 926 2680 M.
955 2644 1124 2681 CICERO
1145 2645 1242 2681 IMP.
1263 2645 1298 2680 S.
1318 2645 1361 2680 D.
1385 2645 1449 2689 1.C
1471 2645 1635 2681 CASSIO
1662 2598 1824 2687 PROQ.

124 2697 179 2728 15.
205 2692 254 2727 M.
282 2691 451 2727 CICERO
479 2692 513 2727 S.
535 2692 576 2726 D.
605 2691 642 2727 C.
664 2691 826 2727 CASSIO
851 2695 855 2736 Ι
877 2692 983 2728 ETSI
1007 2692 1236 2734 VTERQVE
1262 2693 1475 2737 (utrumque
1490 2693 1549 2754 H)
1572 2692 1803 2727 NOSTRVM

125 2743 179 2775 16.
205 2739 254 2774 Μ.
282 2738 452 2774 CICERO
480 2739 514 2774 S.
534 2738 577 2774 D.
599 2738 635 2774 C.
656 2738 818 2774 CASSIO
842 2741 846 2782 Ι
869 2739 995 2774 PVTO
1016 2740 1076 2774 TE
1097 2740 1186 2774 IAM
1207 2739 1521 2774 SVPPVDERE
1509 2751 1593 2784 sup
1595 2739 1722 2784 pedire
1743 2739 1803 2783 Η)
1824 2746 1827 2770 ι

125 2790 179 2823 17.
205 2787 253 2822 Μ.
282 2785 452 2821 CICERO
480 2785 516 2821 C.
544 2785 706 2821 CASSIO
734 2785 831 2821 SAL
855 2786 1254 2829 'PRAEPOSTEROS
1280 2786 1437 2822 HABES
1457 2788 1469 2831 ss
1498 2790 1552 2821 18.
1580 2787 1628 2822 M.
1656 2785 1826 2821 CICERO

124 2833 158 2869 S.
185 2833 227 2868 D.
256 2833 293 2869 C.
321 2832 483 2868 CASSIO
519 2836 523 2876 Ι
558 2832 773 2868 LONGIOR
804 2832 1038 2868 EPISTVLA
1069 2833 1265 2868 FVISSET
1301 2835 1313 2878 ΙΙ
1351 2836 1405 2868 19.
1439 2832 1475 2868 C.
1504 2833 1695 2868 CASSIVS
1722 2833 1755 2869 S.
1783 2833 1826 2870 D.

123 2880 173 2916 M.
199 2879 424 2916 CICERONI
447 2883 451 2923 1
475 2880 508 2915 S.
536 2879 578 2915 V.
606 2880 645 2915 B.
673 2879 778 2914 NON
801 2879 1096 2916 MEHERCVLE
1122 2882 1134 2924 ΙΙ
1162 2884 1217 2915 20.
1244 2880 1293 2915 M.
1321 2879 1491 2915 CICERO
1519 2880 1552 2915 S.
1580 2880 1621 2915 D.
1651 2879 1687 2916 C.
1715 2879 1826 2915 TRE-

123 2927 272 2963 BONIO
314 2930 319 2971 Ι
361 2926 628 2962 ORATOREM
660 2926 804 2961 MEVM
840 2929 852 2971 ΙΙ
889 2931 944 2963 21.
976 2928 1024 2962 M.
1053 2926 1222 2962 CICERO
1250 2927 1283 2962 S.
1310 2927 1353 2962 D.
1381 2926 1417 2962 C.
1444 2926 1690 2962 TREBONIO
1726 2931 1730 2969 Ι
1765 2927 1827 2962 ΕΤ

123 2974 398 3010 EPISTVLAM
436 2974 574 3009 TVAM
611 2975 747 3019 (meam
779 2974 839 3019 Η)
875 2973 988 3009 LEGI
1023 2976 1035 3020 ΙΙ
1072 2978 1104 3010 5.
1140 2973 1359 3019 euphratem
1393 2973 1494 3017 MD,
1533 2974 1703 3009 eufraten
1734 2974 1824 3011 ΓΗ,

123 3021 343 3067 Euphraten
362 3026 550 3067 praestare
577 3022 720 3056 vzdetur
749 3023 761 3066 ΙΙ
792 3024 824 3056 6
851 3031 874 3055 a
898 3020 946 3056 M.
974 3020 1125 3067 Bibulo]
1154 3020 1345 3056 ambibulo
1371 3021 1468 3065 MH,
1497 3031 1545 3055 an
1569 3020 1699 3056 bibulo
1726 3021 1775 3066 F,
1802 3032 1826 3057 a

124 3033 254 3104 bibulo
278 3068 318 3104 D
336 3070 349 3110 ΙΙ
367 3068 437 3115 eis]
462 3068 521 3103 his
550 3068 637 3112 ΨΕ,
664 3067 710 3102 iis
737 3068 948 3115 Wesenberg}
977 3070 990 3113 ΙΙ
1023 3072 1076 3104 11.
1101 3079 1221 3113 poene
1245 3068 1294 3102 M
1320 3069 1332 3113 u
1365 3071 1419 3104 13.
1446 3067 1641 3114 comageni
1665 3069 1715 3113 D,
1742 3079 1826 3104 eum

124 3114 294 3168 magenti
319 3115 367 3160 F,
394 3127 491 3151 cum
502 3127 589 3161 mag
591 3115 644 3150 eti
669 3115 714 3150 H
739 3117 752 3160 ΙΙ
781 3080 1051 3151 nuntiauerunt
1075 3115 1161 3150 FH
1185 3117 1197 3159 ΙΙ
1235 3119 1290 3151 14.
1318 3114 1487 3150 eufraten
1513 3115 1634 3151 FHD
1663 3117 1676 3161 ΙΙ
1705 3095 1763 3152 15.
1791 3116 1826 3151 ei

124 3173 204 3208 regi
229 3162 284 3207 M,
311 3162 346 3198 ei
370 3162 424 3198 rei
449 3128 589 3198 FHDg
587 3164 600 3208 u
620 3166 674 3198 18.
703 3164 790 3198 sunt
815 3173 838 3197 a
863 3161 1152 3199 tiarcondimoto
1179 3161 1264 3198 FH
