2242 3496
316 768 335 797 ΚΘ

357 153 442 196 302
955 146 1003 181 M.
1030 143 1171 180 TVLLI
1197 141 1449 178 CICERONIS

355 276 443 302 non
487 260 761 312 dubitabam,
801 259 963 308 tamen,
1006 253 1107 307 quia
1147 251 1324 294 maximi
1367 251 1669 306 aestimabam,
1711 254 1761 293 ut
1804 252 2058 307 incorrupta

358 334 563 385 maneret,
595 328 856 370 laborabam.
920 323 1117 366 conscius
1156 326 1303 365 autem
1340 321 1447 363 mihi
1487 336 1605 363 eram
1641 322 1751 363 nihil
1784 337 1810 364 a
1847 337 1916 365 me
1949 338 2060 365 com-

363 402 541 442 missum
580 414 689 452 esse,
722 396 834 452 quod
872 394 975 436 boni
1014 395 1265 448 cuiusquam
1305 392 1539 434 offenderet
1577 392 1785 434 animum:
1830 408 1879 436 eo
1919 394 2060 435 minus

364 471 587 513 credebam
619 466 817 522 plurimis
851 469 980 520 atque
1014 464 1192 519 optimis
1225 464 1393 506 artibus
1432 465 1585 505 ornato
1627 463 1710 505 tibi
1749 467 1910 506 temere
1948 465 2063 519 quic-

365 556 490 595 quam
530 537 778 593 persuaderi
814 537 1027 591 potuisse,
1065 534 1323 590 praesertim
1365 535 1412 576 in
1456 549 1584 589 quem
1622 549 1717 575 mea
1760 550 1976 590 propensa
2021 538 2063 576 et
2101 548 2116 573 5

363 613 569 665 perpetua
600 609 754 649 fuisset
787 610 915 662 atque
948 609 1063 648 esset
1094 604 1415 660 benevolentia,
1454 605 1567 659 quod
1600 605 1822 661 quoniam,
1854 609 1903 647 ut
1933 606 2064 660 volui,

364 682 450 722 scio
493 695 600 730 csse,
641 678 908 733 respondebo
949 677 1219 731 criminibus,
1253 676 1408 731 quibus
1447 679 1496 717 tu
1533 690 1611 730 pro
1650 691 1735 730 me,
1766 680 1816 718 ut
1854 692 1933 732 par
1972 680 2065 718 erat

364 755 438 792 tua
480 750 690 805 singulari
734 749 930 791 bonitate
976 750 1018 789 61
1063 747 1256 790 amicitia
1298 750 1466 802 nostra,
1512 761 1639 802 saepe
1683 747 1898 790 restitisti.
1959 751 2065 790 nota

360 821 473 863 onim
518 820 625 861 mihi
669 822 788 874 sunt,
821 834 929 874 quae
974 819 1020 861 in
1063 834 1131 860 me
1169 821 1270 874 post
1310 818 1506 861 Caesaris
1551 821 1737 860 mortem
1780 819 2063 862 contulerint:

359 892 465 933 vitio
510 891 618 932 mihi
662 891 782 946 dant,
828 891 942 946 quod
985 893 1171 932 mortem
1214 890 1403 932 hominis
1452 890 1685 932 necessarii
1734 891 1925 946 graviter
1967 890 2059 932 fero
2082 904 2115 928 10

359 967 488 1018 atque
521 978 629 1018 eum,
664 977 791 1017 quem
823 961 964 1017 dilexi,
995 962 1159 1016 perisse
1191 961 1409 1017 indignor3
1443 961 1564 1002 aiunt
1595 962 1710 1003 enim
1741 962 1930 1016 patriam
1957 962 2061 1003 ami-

360 1033 485 1076 citiae
517 1033 866 1088 praeponendam
898 1047 1009 1087 esse,
1048 1032 1228 1087 proinde
1266 1047 1315 1074 ac
1354 1032 1392 1073 si
1428 1033 1513 1074 iam
1547 1032 1730 1074 vicerint
1767 1033 1936 1075 obitum
1968 1032 2059 1074 eius

358 1106 419 1147 rei
458 1121 496 1160 p.
530 1104 661 1146 fuisse
700 1103 865 1146 utilem.
928 1103 1003 1145 sed
1039 1118 1126 1145 non
1164 1118 1292 1159 agam
1330 1106 1490 1145 astute:
1533 1103 1674 1145 fateor
1717 1118 1785 1145 me
1830 1104 1884 1145 ad
1925 1103 2060 1146 istum

298 1213 301 1215 ,
359 1177 542 1233 gradum
575 1175 812 1231 sapientiae
843 1189 931 1216 non
961 1174 1226 1230 pervenisse3
1258 1189 1396 1229 neque
1429 1174 1544 1216 enim
1571 1174 1799 1216 Caesarem
1824 1175 1871 1216 in
1901 1175 2061 1216 dissen-

358 1249 476 1290 sione
521 1248 638 1290 civili
683 1262 779 1289 sum
823 1249 1014 1301 secutus,
1053 1247 1126 1287 sed
1165 1246 1369 1301 amicum,
1410 1260 1673 1301 quamquam
1715 1261 1761 1288 re
1801 1246 2060 1301 offendebar,
2080 1262 2113 1288 15

356 1323 502 1361 tamen
532 1334 621 1362 non
653 1318 834 1373 deserui,
864 1333 1003 1372 neque
1035 1317 1198 1359 bellum
1230 1331 1421 1372 unquam
1453 1317 1578 1359 civile
1611 1320 1686 1359 aut
1721 1317 1854 1359 etiam
1885 1332 2060 1359 causam

357 1391 638 1433 dissensionis
670 1389 864 1445 probavi,
891 1403 1021 1443 quam
1047 1388 1179 1430 etiam
1204 1391 1454 1430 nascentem
1486 1388 1682 1444 extingui
1710 1403 1875 1430 summe
1902 1388 2059 1430 studui.

356 1462 502 1516 itaque
534 1462 580 1503 111
611 1460 794 1503 victoria
825 1460 1013 1502 hominis
1046 1459 1279 1501 necessarii
1310 1474 1448 1514 neque
1474 1459 1652 1501 honoris
1684 1474 1822 1515 neque
1852 1460 2059 1515 pecuniae

357 1533 577 1575 dulcedine
617 1548 713 1574 sum
756 1536 927 1587 captus,
966 1531 1122 1586 quibus
1160 1531 1367 1586 praemiis
1411 1531 1585 1587 reliqui,
1621 1531 1764 1573 minus
1803 1532 1916 1586 apud
1960 1546 2058 1574 eum

357 1619 488 1658 quam
520 1618 600 1660 ego
634 1619 732 1646 cum
762 1606 959 1659 possent,
991 1602 1272 1644 immoderate
1312 1605 1413 1644 sunt
1451 1602 1586 1644 abusi.
1649 1607 1779 1658 atque
1821 1603 1953 1644 etiam
1990 1617 2058 1644 res
2078 1619 2114 1645 20

356 1675 585 1717 familiaris
618 1690 714 1717 mea
744 1675 840 1730 lege
867 1673 1066 1717 Caesaris
1099 1673 1320 1715 deminuta
1352 1677 1431 1725 est,
1458 1673 1578 1715 cuius
1610 1674 1820 1716 beneficio
1851 1674 2060 1729 plerique,

358 1747 430 1801 qui
476 1745 672 1788 Caesaris
717 1749 857 1788 morte
907 1746 1144 1801 laetantur,
1195 1748 1497 1786 remanserunt
1546 1746 1592 1786 in
1642 1745 1830 1787 civitate.
1893 1745 2059 1788 civibus

357 1818 484 1859 victis
522 1821 572 1859 ut
608 1820 875 1872 parceretur,
914 1831 1046 1871 aeque
1092 1832 1140 1858 ac
1183 1831 1262 1871 pro
1300 1832 1396 1858 mea
1435 1817 1573 1858 salute
1610 1817 1819 1859 laboravi.
1880 1831 2059 1871 possum

356 1889 510 1944 igitur,
544 1889 617 1943 qui
651 1889 790 1931 omnis
828 1888 1042 1930 voluerim
1079 1888 1327 1943 incolumis,
1360 1902 1475 1943 eum,
1514 1903 1538 1929 a
1577 1903 1660 1943 quo
1698 1888 1743 1929 id
1779 1888 2059 1942 impetratum

357 1963 440 2015 est,
483 1960 646 2014 perisse
689 1975 777 2002 non
814 1959 1061 2014 indignari?
1101 1975 1197 2001 cum
1234 1960 1492 2014 praesertim
1529 1960 1643 2002 idem
1680 1959 1878 2001 homines
1918 1959 1985 2000 illi
2016 1961 2059 2001 et
2079 1975 2113 2001 25

356 2031 543 2073 invidiae
595 2035 638 2072 et
688 2031 819 2073 exitio
870 2030 1044 2072 fuerint.
1105 2031 1331 2086 ‘plecteris
1383 2029 1520 2086 ergo',
1568 2031 1783 2086 inquiunt,
1833 2030 2059 2086 ‘quoniam

355 2102 521 2143 factum
551 2105 751 2144 nostrum
792 2102 1038 2157 improbare
1077 2101 1241 2144 audes.⁷
1305 2117 1328 2143 o
1369 2101 1616 2156 superbiam
1652 2101 1911 2157 inauditam,
1949 2102 2058 2143 alios

355 2173 402 2213 in
432 2173 622 2215 facinore
656 2173 848 2229 gloriari,
874 2173 971 2214 aliis
1002 2188 1056 2214 ne
1089 2173 1233 2215 dolere
1265 2173 1438 2228 quidem
1462 2173 1660 2228 inpunite
1692 2173 1840 2215 licere!
1883 2175 1929 2215 at
1952 2173 2060 2216 haee·

356 2244 488 2285 etiam
528 2245 663 2286 servis
703 2259 872 2299 semper
909 2244 1048 2286 libera
1083 2244 1278 2300 fuerunt,
1312 2245 1540 2300 timerent,
1578 2244 1832 2300 gauderent,
1865 2244 2060 2286 dolerent

356 2330 431 2356 suo
464 2316 611 2370 potius
645 2331 775 2371 quam
806 2315 985 2357 alterius
1018 2316 1222 2371 arbitri03
1256 2330 1363 2370 quae
1395 2331 1520 2372 nunc,
1546 2319 1595 2358 ut
1627 2317 1801 2371 quidem
1830 2316 1907 2358 isti
1938 2316 2060 2358 dicti·
2077 2331 2114 2357 30

450 2462 480 2491 1.
507 2456 662 2491 maximi
694 2456 942 2492 aestimabam
974 2457 1033 2501 M,
1072 2455 1227 2491 maximi
1258 2455 1521 2491 existimabam
1546 2457 1600 2501 D,
1638 2456 1800 2492 maxime
1833 2456 2060 2492 extimebam

356 2505 433 2549 (sic)
448 2504 492 2538 H
497 2505 517 2558 ,ΙΙ
539 2507 568 2539 7.
590 2508 622 2539 8.
641 2515 710 2549 par
730 2506 811 2539 erat
829 2507 896 2539 tua
909 2504 1005 2548 MH,
1025 2516 1059 2549 p.
1082 2515 1111 2540 e.
1132 2515 1198 2549 pro
1218 2505 1286 2539 tua
1304 2504 1353 2539 D.
1393 2505 1438 2548 ef.
1460 2504 1624 2540 Schmalz
1644 2505 1666 2540 l.
1686 2517 1714 2540 c.
1735 2517 1775 2550 p.
1797 2508 1865 2540 273
1885 2506 1896 2550 ΙΙ
1918 2509 1971 2540 10.
1994 2516 2058 2540 ne-

355 2565 514 2635 eessaril,
540 2586 553 2621 i
567 2599 590 2621 α
605 2586 653 2621 M
655 2592 680 2629 0,
697 2587 745 2621 M
754 2588 764 2634 [1
779 2591 833 2623 11.
850 2591 903 2623 12,
918 2586 1082 2632 patriam
1097 2585 1287 2621 amicitiae
1305 2578 1354 2631 D,
1368 2587 1515 2632 patriae
1536 2587 1743 2622 amicitiam
1757 2588 1848 2623 ΜΗ
1856 2588 1868 2632 Η
1882 2591 1937 2623 12.
1952 2598 2057 2633 prae-

355 2635 556 2679 ferendam,
582 2636 623 2670 in
649 2647 715 2680 my.
743 2647 787 2670 m.
809 2640 826 2669 1
854 2635 1168 2680 praeponendam,
1194 2634 1442 2680 Β111116611111
1467 2636 1517 2679 H,
1544 2640 1578 2670 et
1596 2635 1651 2669 Dl
1676 2637 1715 2670 in
1736 2648 1818 2681 my„
1842 2634 1977 2670 uicerit
2002 2635 2057 2679 M,

354 2681 490 2716 uixerit
514 2681 570 2716 Dl
601 2683 612 2727 ΙΙ
646 2686 697 2716 15.
726 2684 873 2717 secutus
901 2694 982 2717 sum
1007 2683 1052 2717 H
1078 2684 1089 2727 ΙΙ
1121 2693 1349 2726 quamquam
1373 2693 1412 2717 re
1439 2682 1655 2717 offendebar
1679 2683 1734 2727 M,
1765 2693 1805 2717 re
1831 2693 2058 2727 quamquam

355 2728 568 2764 offendebat
594 2730 643 2774 H,
671 2741 897 2774 quamquam
922 2732 960 2764 te
986 2729 1221 2764 offendebam
1239 2729 1279 2763 D
1297 2732 1308 2775 ΙΙ
1336 2733 1388 2765 16.
1415 2731 1543 2764 tamen
1568 2741 1634 2765 om.
1655 2730 1700 2765 H
1720 2732 1731 2775 11
1758 2734 1812 2765 17.
1841 2729 2058 2774 extinguere

355 2777 399 2810 H
426 2779 436 2821 ΙΙ
468 2780 522 2811 21.
549 2777 632 2822 lege
659 2776 843 2823 Caesaris]
871 2779 895 2813 i.
915 2789 962 2821 e.,
986 2782 1027 2812 ut
1052 2778 1144 2820 vid„
1176 2778 1248 2822 zeye
1273 2778 1377 2812 Iulia
1402 2778 1445 2812 de
1469 2778 1572 2812 modo
1599 2778 1767 2813 credendi
1792 2781 1826 2812 et
1844 2777 2058 2822 possidendi

356 2823 455 2858 intra
480 2825 631 2859 Italiam
656 2826 700 2868 (v.
728 2825 855 2870 Lanye
881 2825 925 2859 ζ’·ν.
953 2824 1123 2860 Alterth?
1145 2824 1220 2858 1112
1241 2836 1278 2868 p.
1300 2825 1384 2870 435)
1403 2827 1414 2869 ll
1435 2824 1627 2858 deminuta
1653 2824 1708 2869 M,
1735 2823 1921 2858 diminuta
1946 2823 2028 2858 HD
2046 2823 2058 2870 Η

355 2874 410 2904 25.
437 2871 631 2914 presertim
657 2882 739 2906 cum
765 2872 809 2906 H
824 2874 836 2916 ΙΙ
855 2875 909 2906 27.
938 2872 1052 2906 audes
1082 2883 1126 2906 eae
1158 2871 1287 2906 audies
1319 2873 1480 2907 radendo
1507 2872 1557 2906 M
1579 2873 1589 2916 ΙΙ
1615 2875 1670 2906 27.
1698 2874 1753 2906 28.
1781 2870 1875 2905 alios
1900 2870 1940 2904 in
1964 2870 2056 2905 faci-

356 2928 443 2951 nore
468 2917 622 2962 gloriari
648 2918 732 2953 aliis
760 2919 821 2963 M,
849 2919 943 2953 alios
968 2919 1008 2952 in
1032 2920 1056 2954 f
1084 2918 1134 2962 gl.
1162 2918 1255 2953 alios
1283 2920 1338 2962 H,
1379 2918 1473 2953 alios
1499 2919 1538 2952 in
1562 2919 1587 2953 f.
1615 2917 1796 2962 singulari
1828 2917 1922 2952 alios
1955 2917 2056 2962 (aliis

357 2975 445 2998 corn)
461 2978 503 2999 m
521 2967 554 3009 1)
575 2965 613 2999 D
632 2967 643 3010 Η
663 2970 717 3000 28
737 2966 862 3000 dolore
878 2966 925 2999 M
939 2968 950 3010 Η
969 2966 1139 3011 inpunite
1154 2966 1250 3010 ΖΠΗ,
1272 2966 1421 3011 impune
1436 2967 1476 3000 D
1494 2967 1505 3011 Η
1524 2969 1579 2999 29.
1606 2965 1756 2999 fuerunt
1769 2964 1867 3012 <111)
1881 2964 2057 3000 timerent

357 3010 497 3054 Baiter,
516 3013 597 3054 fort.
620 3018 719 3048 ercte
753 3014 904 3047 fuerunt
923 3014 994 3059 <ut
1014 3012 1234 3060 speiarent>
1256 3015 1323 3057 (vel
1343 3014 1413 3059 <111
1433 3012 1652 3059 cuperent>)
1672 3011 1848 3046 timerent
1867 3012 2057 3048 Lehmann

357 3059 409 3101 (p.
426 3059 483 3102 (30)
503 3060 514 3102 ΙΙ
533 3062 588 3093 29.
604 3063 657 3093 30
677 3060 845 3094 dolerent
863 3061 1071 3105 gauderent
1091 3071 1158 3094 sua
1177 3072 1211 3103 p
1228 3072 1262 3104 q
1278 3072 1309 3095 a.
1331 3060 1371 3094 in
1390 3059 1585 3095 commoda
1604 3069 1699 3103 quae
1713 3059 1753 3093 D
1770 3060 1782 3104 ΙΙ
1802 3062 1856 3095 30.
1872 3063 2053 3105 p.303,1.

358 3116 452 3149 quae
478 3116 574 3139 nune
599 3105 741 3151 1811,111
767 3118 804 3141 86
831 3107 981 3151 quidem
1008 3107 1195 3151 dictitant,
1223 3107 1246 3142 l.
1269 3119 1299 3142 a
1321 3119 1368 3142 m.
1397 3109 1492 3142 Boot
1517 3107 1619 3152 Cobs.
1647 3107 1744 3142 crit?
1768 3119 1806 3152 12·
1830 3109 1889 3156 23)
