2242 3496
639 183 978 220 EPISTVLARVM
1004 182 1080 217 XII.
1111 185 1163 215 ιο.
1194 184 1246 215 11.
1278 183 1331 215 12.
1745 177 1830 217 313

856 339 931 382 XI.
982 335 1121 395 (366.)

410 436 455 480 C.
489 434 728 480 CASSIVS
762 433 998 476 PROCOS.
1033 432 1072 475 S.
1104 433 1155 474 D.
1189 432 1244 474 M.
1278 429 1571 474 CICERONI.

258 531 298 574 S.
332 547 366 574 v.
400 533 441 573 b.
475 547 507 573 e.
541 547 574 572 c.
607 546 646 585 q.
679 546 714 573 v,
777 530 819 571 in
855 528 1024 584 Syriam
1065 544 1131 570 me.
1164 527 1403 583 profectum
1436 540 1528 567 esse
1562 524 1671 567 scito
1705 524 1756 564 ad
1789 522 1835 564 L.
1867 534 1880 562 1

140 603 336 645 Murcum
377 606 419 644 et
458 603 504 652 Q.
537 602 738 657 s'rispum
777 601 897 655 imp:
943 601 1022 641 viri
1063 600 1195 641 fortes
1234 598 1472 652 optimique
1507 596 1640 649 cives,
1685 597 1837 649 postea

103 695 120 720 5
140 689 269 729 quam
302 674 540 726 audierunt,
573 687 682 727 quac
713 672 874 713 Romae
901 674 1164 725 gererentur,
1197 669 1408 711 exercitus
1437 668 1540 709 mihi
1567 666 1837 707 tradiderunt

91 1050 124 1074 10

91 1500 124 1524 15

93 1879 127 1904 20

95 2233 128 2258 25

139 745 308 800 ipsique
347 760 514 786 mecum
557 759 641 785 una
681 742 922 784 fortissimo
965 742 1107 782 animo
1152 755 1239 781 rem
1272 756 1312 794 p.
1354 738 1670 780 administrant.
1732 736 1837 777 item

140 816 375 871 legionem,
420 830 548 869 quam
589 813 637 863 Q.
671 813 883 856 Caecilius
916 812 1077 854 Bassus
1116 811 1287 864 habuit,
1332 810 1383 851 ad
1417 824 1483 850 me
1516 809 1681 850 venisse
1716 807 1838 861 scito,

141 889 433 942 quattuorque
465 885 670 939 legioneS,
703 898 808 939 quas
843 883 890 925 A.
920 883 1114 924 Allienus
1148 898 1197 924 ex
1231 882 1432 937 Aegypto
1466 880 1624 932 eduxit,
1655 879 1837 920 traditas

141 958 195 999 ab
228 972 278 999 eo
311 956 418 998 mihi
450 970 542 997 esse
575 955 697 997 scito.
740 968 854 996 nunc
886 956 928 995 te
965 953 1263 995 cohortatione
1296 967 1384 994 non
1416 954 1520 1006 puto
1554 950 1758 1005 indigere,
1790 951 1839 990 ut
1864 960 1873 973 ⁶

143 1043 222 1071 nos
253 1028 444 1083 apsentis
477 1041 650 1082 remque
683 1042 735 1080 p.,
768 1027 978 1080 quantum
1012 1027 1077 1065 est
1109 1024 1153 1065 in
1185 1027 1240 1078 te,
1272 1022 1492 1064 defendas:
1526 1021 1633 1063 scire
1666 1023 1707 1061 te
1741 1019 1837 1061 volo

142 1100 267 1141 firma
297 1098 513 1154 praesidia
544 1097 666 1139 vobis
700 1096 952 1150 senatuique
985 1111 1072 1137 non
1105 1095 1244 1149 desse,
1285 1097 1333 1135 ut
1373 1093 1537 1148 optima
1570 1107 1644 1146 spe
1678 1094 1721 1133 et
1754 1105 1839 1132 ma·

142 1170 257 1212 ximo
290 1169 434 1212 animo
466 1183 556 1210 rem
589 1185 628 1223 p.
662 1168 874 1210 defendas.
937 1167 1103 1222 reliqua
1134 1169 1277 1208 tecum
1317 1167 1417 1220 aget
1448 1163 1496 1206 L.
1528 1162 1743 1216 Carteius,
1780 1161 1840 1203 fa-

142 1240 322 1283 miliaris
355 1254 486 1282 meus.
550 1239 656 1282 vale.
719 1239 758 1282 d.
790 1237 929 1280 Nonis
962 1237 1134 1279 Martiis
1167 1252 1219 1279 ex
1252 1236 1423 1291 castris,
1455 1233 1688 1277 Taricheis

854 1380 952 1422 XII.
997 1378 1135 1437 (388.)

382 1475 620 1519 CAssIVS
653 1474 888 1519 PRoCoS.
924 1474 963 1517 S.
995 1475 1047 1517 D.
1079 1474 1135 1516 Μ.
1169 1473 1450 1517 CICERONI
1486 1472 1610 1515 svo,

265 1571 305 1614 S.
325 1587 362 1613 v.
384 1572 422 1613 b.
445 1586 477 1613 e.
505 1586 538 1613 e.
566 1586 603 1626 q.
632 1587 668 1613 V.
724 1571 811 1626 legi
844 1574 941 1613 tuas
974 1571 1157 1624 litteras,
1188 1570 1233 1610 in
1266 1570 1421 1624 quibus
1455 1568 1686 1610 mirificum
1719 1571 1844 1609 tuum

145 1658 248 1700 erga
280 1658 347 1685 me
380 1658 572 1685 amorem
603 1642 854 1698 recognovi3
887 1641 1100 1684 videbaris
1129 1641 1243 1682 enim
1269 1655 1355 1682 non
1383 1640 1523 1682 solum
1549 1639 1693 1681 favere
1719 1639 1846 1680 nobis

144 1740 203 1746 —
234 1715 276 1756 id
310 1714 424 1769 quod
457 1717 500 1755 et
531 1716 684 1755 nostra
716 1716 759 1755 et
791 1713 852 1754 rei
884 1729 923 1768 p.
959 1727 1088 1754 causa
1119 1727 1288 1765 semper
1318 1711 1460 1753 fecisti
1493 1736 1569 1763 —,
1609 1710 1682 1752 sed
1715 1710 1844 1751 etiam

147 1800 322 1842 gravem
363 1800 509 1827 curam
551 1785 790 1839 suscepisse
833 1784 1193 1837 vehementerque
1236 1797 1328 1824 esse
1371 1782 1421 1823 de
1461 1782 1589 1823 nobis
1622 1781 1848 1823 sollicitus.

147 1858 311 1912 itaque,
356 1856 469 1911 quod
514 1859 556 1898 te
598 1856 786 1911 primum
828 1855 1076 1898 existimare
1116 1854 1325 1909 putabam
1364 1868 1444 1895 nos
1484 1867 1691 1907 oppressa
1731 1867 1776 1893 re
1809 1867 1848 1906 p.

147 1927 365 1983 quiescere
397 1942 485 1969 non
515 1942 664 1982 posse,
700 1926 870 1981 deinde,
910 1941 1007 1968 cum
1040 1925 1308 1980 suspicarere
1340 1939 1419 1966 nos
1451 1924 1615 1979 moliri,
1660 1923 1773 1978 quod
1806 1925 1848 1964 te

147 1998 384 2041 sollicitum
422 2012 514 2040 esse
553 2000 597 2039 et
635 1998 684 2039 de
724 1997 864 2040 salute
903 2000 1055 2039 nostra
1092 1998 1135 2038 et
1173 1997 1223 2038 de
1262 2011 1405 2037 rerum
1443 1997 1597 2037 eventu
1629 1995 1850 2049 putabam,

147 2069 276 2112 simul
314 2084 363 2112 ac
399 2069 592 2125 legiones
631 2069 795 2123 accepi,
841 2083 948 2123 quas
983 2068 1031 2109 A.
1065 2067 1262 2110 Allienus
1302 2067 1508 2108 eduxerat
1547 2081 1597 2107 ex
1635 2064 1850 2121 Aegypto,

147 2141 301 2196 scripsi
339 2140 392 2182 ad
433 2142 475 2181 te
515 2140 852 2195 tabellariosque
886 2139 1121 2194 compluris
1153 2137 1339 2180 Romam
1372 2137 1486 2191 misi3
1531 2137 1685 2192 scripsi
1718 2136 1848 2178 etiam

150 2212 203 2254 ad
236 2214 433 2254 senatum
463 2210 647 2265 litteras,
684 2226 789 2266 quas
821 2211 942 2253 reddi
973 2210 1091 2252 vetui
1123 2209 1242 2264 prius
1276 2224 1404 2263 quam
1437 2208 1519 2250 tibi
1552 2208 1757 2250 recitatae
1790 2222 1852 2249 es-

149 2285 262 2338 sent,
306 2282 344 2324 si
384 2282 497 2324 forte
540 2282 624 2323 mei
666 2285 964 2337 optemperare
1007 2281 1112 2322 mihi
1155 2280 1380 2322 voluerint.
1443 2279 1556 2334 quod
1600 2279 1636 2320 si
1677 2279 1850 2319 litterae

148 2353 339 2408 perlatae
370 2368 458 2395 non
490 2355 602 2406 sunt,
635 2367 720 2394 non
747 2353 911 2407 dubito,
945 2352 1049 2407 quin
1074 2351 1314 2404 Dolabella,
1348 2351 1420 2405 qui
1445 2350 1608 2392 nefarie
1635 2349 1850 2390 Trebonio

150 2424 290 2466 occiso
334 2423 487 2466 Asiam
532 2423 774 2478 occupavit,
818 2423 1070 2465 tabellarios
1115 2437 1234 2464 meos
1279 2421 1551 2476 deprenderit
1595 2420 1850 2474 litterasque

149 2495 438 2549 interceperit.
501 2494 714 2536 exercitus
747 2494 905 2549 omnis,
944 2494 1017 2548 qui
1050 2494 1094 2535 in
1128 2492 1254 2548 Syria
1285 2493 1478 2546 fuerunt,
1517 2495 1654 2534 teneo.
1716 2490 1850 2532 habui
1878 2500 1897 2528 2

269 2625 301 2656 4.
329 2623 368 2657 et
392 2633 426 2666 q.
454 2621 508 2665 M,
535 2626 566 2657 et
593 2622 631 2656 D
655 2633 699 2656 εα-
723 2633 828 2665 corr„
854 2623 965 2666 atque
992 2622 1072 2657 HD
1091 2624 1102 2666 ΙΙ
1123 2626 1153 2656 6.
1180 2620 1384 2656 fortissimo
1410 2620 1533 2655 animo
1560 2621 1620 2663 Μ,
1648 2618 1850 2654 fortissime

151 2669 231 2704 HD
250 2670 262 2714 ΙΙ
282 2672 312 2704 7.
340 2679 526 2713 quamque
552 2668 704 2703 cecilius
731 2669 779 2703 M
803 2670 815 2714 ΙΙ
847 2673 877 2704 8.
905 2671 1237 2713 quattuoique—S.
1265 2668 1358 2703 scito
1384 2679 1450 2703 om.
1478 2668 1516 2702 D
1546 2669 1557 2712 11
1590 2673 1620 2703 8
1649 2666 1756 2701 duxit
1783 2666 1826 2700 H

154 2721 206 2752 10.
233 2717 415 2761 quantum
441 2717 498 2750 est
523 2715 560 2750 in
586 2717 624 2750 te
650 2716 699 2760 D,
726 2718 907 2760 quantum
933 2716 971 2751 in
996 2718 1033 2751 te
1060 2718 1117 2751 est
1137 2716 1188 2759 H,
1214 2717 1396 2760 quantum
1423 2717 1479 2750 est
1500 2715 1552 2749 M.
1592 2716 1637 2757 ef.
1658 2726 1710 2759 ep.
1734 2717 1788 2756 12,
1810 2712 1852 2758 31

152 2767 207 2799 11.
227 2775 301 2799 non
321 2764 444 2808 desse]
464 2774 539 2798 non
559 2763 687 2798 deesse
708 2763 755 2807 D,
778 2763 884 2798 desse
906 2764 958 2807 M,
980 2764 1107 2798 deesse
1130 2763 1178 2798 H.
1216 2763 1346 2797 adesse
1367 2763 1498 2797 Baiter
1516 2764 1527 2806 ΙΙ
1549 2764 1681 2797 11.12.
1709 2742 1852 2805 optima

151 2822 216 2856 spe
249 2812 287 2846 et
316 2810 480 2846 maximo
514 2809 637 2845 animo
663 2810 722 2853 M,
743 2810 902 2858 optimo
935 2812 973 2845 et
1004 2810 1166 2845 maximo
1199 2809 1322 2844 animo
1348 2810 1402 2853 D,
1443 2809 1584 2862 optimo
1616 2807 1852 2852 maximoque

152 2857 276 2893 animo
303 2858 346 2893 H
361 2859 373 2902 ΙΙ
394 2862 448 2893 12.
477 2859 567 2903 agat
594 2858 635 2892 H
651 2859 663 2901 ΙΙ
684 2839 737 2892 13.
743 2851 876 2892 ualde
903 2859 983 2902 (sac)
1011 2857 1044 2893 d.
1071 2857 1178 2892 nonis
1203 2857 1349 2891 martiis
1376 2868 1419 2891 ex
1445 2855 1578 2891 castris
1598 2854 1775 2890 taricheis
1798 2854 1851 2898 Μ,

151 2905 237 2940 uale
263 2905 398 2940 dilecte
424 2916 468 2940 ex
495 2904 626 2940 castris
651 2904 828 2939 taricheis
858 2905 943 2940 HD
983 2906 1024 2940 (le
1050 2916 1127 2949 zpso
1154 2905 1228 2940 loco
1253 2917 1284 2939 9.
1308 2905 1353 2939 F
1374 2904 1527 2938 §clun-202
1554 2903 1850 2937 ‘oaeeutestamentL

152 2952 360 2999 Zeityeschff
388 2952 476 2997 1²12
508 2955 588 2995 515,
609 2955 653 2986 44
672 2954 684 2996 ΙΙ
705 2955 759 2986 15.
787 2950 947 2994 Cassius,
974 2963 1101 2987 (musso
1122 2951 1173 2994 C.‚
1197 2953 1305 2986 ettam
1327 2952 1438 2986 indere
1458 2951 1548 2985 MH
1563 2951 1574 2994 ΙΙ
1595 2954 1649 2984 16.
1677 2960 1706 2984 e.
1723 2960 1752 2984 e.
1768 2961 1801 2994 q.
1817 2961 1850 2984 V.

152 3010 218 3035 om.
245 2999 315 3044 ΗΙΙ
336 3002 390 3035 17.
415 2998 630 3045 recognovi]
658 3000 701 3041 cf.
730 2999 824 3034 Boot
850 2999 899 3033 ad
927 2999 997 3034 Cic.
1024 3000 1073 3034 ad
1092 2999 1168 3034 Λα.
1194 2998 1291 3042 VIII,
1314 3002 1354 3032 11
1373 2998 1404 3033 0
1425 2998 1580 3042 (Pomp)
1605 2998 1616 3041 ΙΙ
1643 3000 1696 3031 18.
1723 2997 1853 3031 nostra

153 3046 191 3079 et
217 3046 297 3080 HD
320 3046 399 3090 (Mr
402 3049 424 3091 ),
451 3049 600 3082 nostrae
626 3047 674 3081 M
688 3048 699 3090 Η
720 3045 841 3080 fecisti
868 3057 1012 3090 semper
1038 3046 1082 3081 H
1105 3048 1117 3090 ΙΙ
1149 3049 1203 3081 21.
1231 3057 1316 3080 cum
1341 3044 1569 3090 suspicarere
1597 3043 1683 3091 <res
1708 3044 1853 3089 novas>

153 3102 219 3127 nos
250 3092 374 3128 moliri
398 3094 450 3129 H.
470 3094 517 3129 A.
540 3094 661 3130 Koch.
673 3095 775 3138 (mus.
803 3093 918 3129 Rhen.
945 3093 1022 3128 XII.
1056 3096 1158 3128 1857.
1189 3095 1353 3138 p‚269)
1392 3097 1519 3128 contra
1550 3103 1653 3137 quem
1682 3103 1714 3127 v.
1742 3091 1854 3127 Klotz

148 3139 293 3185 praefi²
312 3152 350 3186 p.
372 3140 470 3176 LXH
488 3142 501 3187 ss
520 3145 576 3177 26.
602 3141 800 3177 voluerunt
824 3141 894 3176 aliz·
912 3142 925 3186 ΙΙ
944 3144 998 3176 27.
1025 3139 1168 3176 nefario
1189 3105 1275 3176 HD
