2242 3496
341 146 428 187 300
939 141 986 175 Μ.
1014 138 1154 173 TVLLI
1180 136 1431 173 CICERONIS

340 253 499 308 aliquid
532 265 755 294 commune
788 264 884 291 cum
916 247 1082 300 multis,
1114 260 1235 287 amor
1271 260 1359 287 non
1394 246 1544 288 habet:
1582 246 1711 289 dilexi
1744 250 1805 302 te,
1838 261 1921 302 quo
1969 246 2035 289 die

339 324 541 379 cognovi,
580 336 729 375 ineque
771 335 795 360 a
835 322 877 359 te
920 317 1043 372 diligi
1084 316 1289 372 iudicavi3
1327 319 1429 358 tuus
1468 317 1618 359 deinde
1658 318 1871 360 discessus
1913 318 2034 373 isque

337 395 583 447 diuturnus,
624 390 803 433 ambitio
846 391 996 430 nostra
1042 390 1085 428 et
1129 387 1244 428 vitae
1295 387 1602 429 dissimilitudo
1653 403 1741 429 non
1791 391 1858 430 est
1906 403 2035 443 passa

337 466 580 507 voluntates
612 464 784 503 nostras
818 459 1126 501 consuetudine
1160 458 1467 513 conglutinari3
1503 461 1627 500 tuum
1659 462 1806 500 tamen
1837 473 1941 515 erga
1966 474 2034 501 me

335 535 524 577 animum
556 531 742 587 adgnovi
774 529 921 571 multis
956 528 1080 570 annis
1113 531 1211 570 ante
1243 529 1407 570 bellum
1439 529 1576 585 civile,
1609 545 1706 572 cum
1733 528 1892 571 Caesar
1918 533 2032 572 esset
2070 544 2086 569 5

333 606 377 646 111
411 603 567 656 Gallia,
602 601 715 656 quod
748 601 862 641 enim
895 602 1114 642 vementer
1147 600 1254 641 mihi
1286 600 1392 642 utile
1426 615 1519 642 9889
1550 601 1736 655 putabas
1768 616 1847 643 nec
1878 601 2032 643 inutile

334 675 416 729 ipsi
450 672 634 726 Caesari,
665 671 897 725 perfecisti,
923 673 972 711 ut
1003 670 1077 711 ille
1111 685 1178 712 me
1211 671 1422 726 diligeret,
1449 672 1621 722 coleret,
1648 671 1829 713 haberet
1860 671 1905 713 in
1931 671 2031 714 suis.

333 745 470 786 multa
511 745 754 798 praetereo,
800 756 908 796 quae
953 741 1223 796 temporibus
1272 742 1359 784 illis
1410 743 1524 784 inter
1572 757 1651 785 nos
1695 742 2033 784 familiarissime

333 814 464 868 dicta,
510 813 687 867 scripta,
734 812 1052 854 communicata
1097 812 1202 866 sint,
1246 813 1448 868 graviora
1491 813 1606 855 enim
1650 816 1882 856 consecuta
1920 816 2032 855 sunt.

286 899 292 907 ¹
332 889 374 927 et
418 885 543 926 initio
587 883 691 925 belli
736 883 873 925 civilis
921 898 1018 925 cum
1056 883 1336 925 Brundisium
1381 900 1530 927 versus
1575 885 1659 926 ires
1699 885 1752 926 ad
1792 883 2031 938 Caesarem,
2052 898 2085 923 10

332 956 487 997 venisti
531 955 582 996 ad
627 969 692 995 1119
737 954 782 995 111
822 954 1117 996 Formianum:
1163 955 1352 1009 primum
1395 955 1478 997 hoc
1520 956 1663 1011 ipsum
1709 955 1878 1010 quanti,
1915 970 2034 1010 prae-

332 1027 482 1068 sertim
525 1026 792 1080 temporibus
838 1026 943 1067 illis!
1007 1026 1157 1067 deinde
1203 1027 1389 1068 oblitum
1432 1042 1499 1068 me
1543 1030 1672 1082 putas
1718 1026 1904 1081 consilii,
1950 1041 2034 1068 891·-

337 1096 488 1151 monis,
513 1096 798 1138 humanitatis
826 1096 955 1138 tuae?
984 1096 1139 1151 quibus
1167 1098 1296 1139 rebus
1322 1098 1532 1139 interesse
1561 1098 1739 1139 memini
1765 1097 2031 1148 Trebatium.

329 1184 408 1210 nec
439 1183 540 1209 vero
574 1183 668 1209 sum
701 1167 862 1208 oblitus
895 1167 1141 1209 litterarum
1175 1171 1364 1223 tuarum,
1399 1184 1506 1222 quas
1540 1169 1591 1210 ad
1624 1184 1692 1210 me
1725 1168 1904 1223 misisti,
1936 1183 2034 1210 cum

331 1238 504 1281 Caesari
537 1238 708 1280 obviam
740 1238 931 1280 venisses
964 1238 1009 1279 in
1042 1252 1171 1293 agro,
1202 1241 1252 1279 ut
1284 1240 1489 1292 arbitror,
1522 1239 1775 1282 Trebulano.
1838 1242 2034 1281 secutum
2056 1252 2088 1278 15

329 1310 436 1351 illud
468 1312 638 1363 tempus
672 1311 749 1363 est,
777 1324 874 1351 cum
907 1324 974 1350 me
1008 1309 1060 1350 ad
1087 1309 1342 1363 Pompeium
1374 1309 1591 1365 proficisci
1623 1310 1711 1352 sive
1744 1310 1882 1365 pudor
1913 1325 2033 1352 meus

330 1381 472 1436 coegit
505 1380 594 1422 sive
637 1379 827 1422 officium
867 1380 957 1422 sive
994 1380 1188 1421 fortuna:
1228 1382 1341 1435 quod
1381 1381 1572 1423 officium
1611 1385 1752 1435 tuum,
1791 1382 1906 1436 quod
1943 1383 2035 1423 stu-

331 1452 449 1492 dium
492 1451 561 1492 vel
604 1451 649 1492 in
694 1453 918 1505 apsentem
960 1465 1027 1491 me
1066 1451 1132 1492 vel
1171 1452 1216 1492 in
1252 1453 1493 1506 praesentis
1532 1467 1651 1494 meos
1696 1451 1861 1494 defuit?
1908 1467 2034 1507 quem

328 1537 457 1578 porro
490 1537 636 1564 omnes
670 1522 754 1563 mei
786 1524 829 1563 et
862 1522 969 1562 mihi
1003 1525 1045 1563 et
1079 1521 1163 1563 sibi
1195 1524 1238 1563 te
1272 1523 1521 1565 amiciorem
1553 1523 1883 1565 iudicaverunt?
1933 1523 2032 1565 veni

330 1594 627 1635 Brundisium:
670 1593 910 1635 oblitumne
949 1608 1016 1634 me
1055 1595 1202 1648 putas,
1243 1608 1328 1648 qua
1370 1594 1608 1650 celeritate,
1640 1597 1689 1636 ut
1732 1595 1921 1649 primum
1965 1610 2038 1636 au·
2058 1609 2093 1634 ρο

335 1665 483 1720 1119118,
515 1665 567 1706 ad
606 1679 672 1706 me
704 1664 893 1705 Tarento
933 1664 1167 1718 advolaris,
1206 1679 1314 1719 quae
1353 1668 1429 1707 tua
1465 1665 1598 1707 fuerit
1635 1665 1844 1720 adsessio,
1884 1665 2039 1721 oratio,

287 1749 299 1757 ”
334 1735 604 1778 confirmatio
639 1735 888 1777 animimei
920 1734 1049 1777 fracti
1089 1736 1384 1777 communium
1422 1736 1697 1778 miseriarum
1734 1736 1883 1778 metu?
1945 1739 2039 1778 tan-

334 1807 429 1859 dem
463 1807 694 1861 aliquando
726 1806 890 1848 Romae
924 1821 1016 1847 esse
1050 1806 1288 1861 coepimus:
1327 1807 1430 1861 quid
1469 1807 1606 1849 defuit
1642 1810 1818 1849 nostrae
1856 1806 2038 1848 familia-

333 1877 485 1918 ritati?
546 1876 592 1918 in
635 1877 834 1919 maximis
880 1877 1007 1919 rebus
1056 1891 1244 1931 quonam
1294 1879 1421 1920 modo
1473 1893 1666 1934 gererem
1718 1893 1785 1919 me
1833 1878 2037 1919 adversus

337 1947 576 2002 Caesarem,
602 1963 704 1990 usus
738 1951 812 1990 tuo
841 1948 1022 1990 consilio
1056 1963 1166 2004 sum,
1189 1948 1235 1989 in
1268 1949 1446 2004 reliquis
1475 1949 1638 1990 officio:
1672 1949 1739 1990 cui
1765 1951 1814 1989 tu
1839 1948 2036 1990 tribuisti
2056 1963 2091 1989 25

329 2022 506 2074 excepto
541 2018 721 2061 Caesare
753 2022 926 2074 praeter
959 2034 1038 2073 me,
1070 2022 1120 2060 ut
1152 2020 1327 2061 domum
1360 2020 1595 2062 ventitares
1628 2020 1843 2075 horasque
1875 2020 2036 2061 multas

331 2104 457 2144 saepe
490 2089 747 2132 suavissimo
782 2105 978 2131 sermone
1013 2091 1318 2132 consumeres?
1352 2094 1464 2142 tum,
1498 2106 1595 2132 cum
1633 2091 1783 2144 etiam,
1816 2090 1853 2132 81
1891 2090 2036 2132 11191111-

328 2161 446 2216 nisti,
478 2164 527 2203 ut
558 2161 662 2203 haec
695 2162 1057 2217 φιλοσοφούμενα
1090 2162 1336 2217 scriberem,
1361 2165 1410 2203 tu
1441 2177 1508 2203 me
1541 2162 1766 2217 impulisti.
1809 2163 1910 2217 post
1936 2160 2037 2204 Cae-

330 2233 438 2274 saris
471 2233 657 2274 reditum
691 2233 793 2288 quid
825 2233 907 2274 tibi
939 2232 1096 2274 maiori
1129 2247 1255 2275 curae
1288 2233 1388 2288 fuit,
1422 2248 1552 2287 quam
1589 2235 1638 2274 ut
1676 2247 1815 2274 essem
1856 2247 1937 2288 ego
1969 2232 2036 2274 illi

331 2319 459 2359 quam
490 2303 889 2346 familiarissimus?
923 2304 1037 2358 quod
1069 2304 1283 2346 effeceras.
1346 2319 1554 2360 quorsum
1586 2304 1723 2360 igitur
1753 2305 1861 2346 haec
1893 2305 2031 2346 oratio
2053 2318 2086 2343 30

327 2375 517 2430 longior,
550 2390 679 2429 quam
710 2375 941 2429 putaram?
1006 2375 1107 2430 quia
1146 2390 1241 2417 sum
1280 2376 1518 2417 admiratus
1558 2378 1619 2431 te,
1653 2375 1726 2430 qui
1763 2375 1868 2418 haec
1904 2390 2032 2418 nosse

329 2446 521 2498 deberes,
559 2446 790 2501 quicquam
830 2461 854 2487 a
891 2461 959 2487 me
1004 2447 1302 2502 commissum,
1343 2447 1456 2501 quod
1499 2449 1613 2488 esset
1655 2446 1843 2488 alienum
1881 2449 2033 2489 nostra

446 2590 478 2621 2.
506 2585 639 2620 deinde
655 2586 710 2629 M,
730 2585 889 2630 denique
905 2587 985 2620 HD
1004 2587 1015 2627 ΙΙ
1036 2590 1065 2620 5.
1088 2585 1238 2621 ciuilem
1252 2587 1300 2621 M
1314 2588 1324 2630 ΙΙ
1345 2591 1377 2622 6.
1398 2587 1639 2622 uehementer
1658 2587 1739 2621 HD
1757 2588 1769 2630 ΙΙ
1789 2590 1820 2622 9.
1842 2585 1918 2621 81111
1937 2587 2031 2631 MD,

329 2634 415 2667 sunt
440 2633 490 2677 H,
516 2634 600 2677 fort.
627 2638 718 2669 recte
744 2635 755 2678 l}
789 2638 842 2669 10.
871 2635 908 2668 et
932 2633 1058 2680 initio]
1084 2634 1223 2669 etenim
1247 2634 1356 2670 initio
1382 2636 1475 2670 coni.
1505 2634 1629 2678 Orelli,
1654 2633 1761 2669 initio
1791 2635 2004 2680 Wesenberg]
2021 2634 2033 2680 Η

328 2714 399 2750 1198
427 2716 474 2750 ad
500 2727 691 2751 caesarem
716 2717 770 2761 M,
796 2716 868 2751 ires
895 2693 1070 2761 desarem,
1097 2717 1146 2751 ad
1171 2730 1249 2762 sup.
1269 2730 1336 2753 scr.
1357 2730 1381 2753 a
1400 2730 1445 2753 m.
1467 2722 1505 2761 1,
1533 2718 1591 2761 H,
1620 2717 1744 2752 adires
1770 2716 1820 2751 ad
1841 2726 2032 2751 caesarem

329 2762 367 2795 D
386 2765 396 2808 Η
417 2767 469 2797 11.
488 2767 540 2798 12.
563 2764 694 2808 quanti
713 2764 934 2809 praesertim
953 2764 1182 2809 temporibus
1198 2766 1251 2809 M,
1273 2765 1424 2809 quantis
1439 2764 1670 2809 temporibus
1683 2763 1906 2810 praesertim
1920 2763 2001 2797 HD
2018 2763 2031 2810 ΙΙ

332 2813 384 2843 14.
411 2811 559 2844 tuarum
584 2811 794 2846 litterarum
819 2812 864 2846 H
885 2814 896 2855 ΙΙ
922 2815 976 2846 15.
1003 2811 1188 2847 venissem
1221 2813 1416 2856 Victorius,
1440 2814 1540 2847 haud
1565 2816 1655 2847 recte
1679 2813 1691 2858 11
1716 2811 1925 2846 Trebulano
1951 2810 2030 2855 (tri-

330 2856 466 2891 bulano
488 2859 562 2903 H)]
589 2860 634 2902 cf.
659 2859 693 2894 Ο.
715 2860 746 2893 Ι.
769 2859 813 2894 L.
834 2859 868 2892 X
888 2870 926 2903 p.
948 2862 1015 2892 442
1037 2860 1047 2902 ΙΙ
1068 2864 1123 2895 21.
1151 2859 1356 2905 advolaris]
1385 2859 1548 2894 auolaris
1575 2859 1672 2903 MH,
1699 2856 1936 2894 aduolaueris
1961 2857 2001 2891 D
2018 2857 2030 2904 ΙΙ

331 2907 386 2936 22.
414 2905 598 2939 communi
624 2906 669 2939 H
689 2907 699 2950 ΙΙ
728 2909 783 2941 24.
810 2916 869 2940 me
895 2916 1062 2950 gererem
1086 2907 1126 2941 D
1151 2909 1161 2952 ΙΙ
1188 2910 1243 2942 25.
1271 2907 1425 2942 consilio
1451 2908 1515 2941 tuo
1541 2906 1622 2941 HD
1653 2909 1664 2951 ΙΙ
1696 2917 1787 2948 811111,
1813 2904 1852 2938 111
1876 2903 2030 2948 reliquis

332 2950 468 2986 officio:
496 2951 556 2986 cui
581 2953 746 2998 Illaclviy,
773 2965 863 2987 sum.
885 2952 924 2986 in
942 2952 1089 3001 (Quis)
1111 2956 1195 2990 add.
1215 2955 1281 3000 D),
1306 2954 1460 2998 reliquis
1481 2953 1614 2988 officiis
1633 2952 1694 2987 cui
1716 2954 1755 2986 Ψ
1771 2954 1781 2995 ΙΙ
1801 2955 1856 2986 26.
1882 2953 2032 2996 praeter

332 3008 389 3030 me
417 2998 475 3039 ΠΙ,
501 3000 650 3043 propter
676 3011 733 3034 me
760 3001 814 3043 D,
843 3001 992 3045 praeter
1017 3001 1056 3034 Η
1089 3004 1100 3046 11
1130 3001 1242 3036 horas
1268 3013 1364 3046 quae
1390 3002 1440 3036 M
1465 3003 1475 3046 ΙΙ
1507 3004 1561 3035 28.
1588 3000 1682 3034 haec
1708 2998 2028 3045 φιλοσοφούμενα]

332 3043 782 3124 haeclphilosophumena
803 3047 897 3091 ΜΗ,
924 3047 1017 3081 haec
1044 3049 1091 3082 ad
1117 3049 1297 3093 populum
1323 3049 1376 3083 eis
1396 3049 1434 3082 D
1453 3050 1464 3093 Η
1484 3051 1538 3082 29.
1566 3057 1635 3092 ego
1656 3058 1722 3082 om.
1746 3047 1785 3081 D
1803 3048 1814 3092 11
1835 3049 1889 3081 30.
1917 3057 2030 3091 quam

333 3102 397 3124 om.
