2242 3496
367 135 448 176 186
959 128 1006 162 Μ.
1035 125 1174 160 TVLLI
1201 124 1450 160 CICERONIS

364 244 406 283 ct
436 255 570 294 usque
603 254 663 285 co,
697 240 744 279 ut
777 250 856 290 ego
891 235 1114 275 misererer
1146 232 1249 288 eius,
1281 233 1453 287 esurire,
1484 247 1571 274 non
1604 248 1699 275 sum
1726 237 1967 276 commotus
2000 238 2055 291 et,

363 313 443 353 hoc
482 309 720 362 mendacio,
759 306 795 347 si
828 321 911 360 qua
943 304 1134 359 pericula
1171 304 1252 344 tibi
1291 304 1588 358 inpenderent,
1628 307 1676 346 ut
1715 305 2055 362 defungeremur,

364 382 519 437 optavi.
582 380 763 420 Plancus
797 376 968 431 quidem
1002 378 1101 417 tuus
1135 374 1426 429 Ravennaest,
1465 377 1508 416 et
1540 389 1698 430 magno
1732 376 1952 431 congiario
1986 377 2056 418 do-

362 456 486 494 natus
526 466 550 492 a
582 450 760 491 Caesare
798 444 876 488 nec
913 447 1065 488 beatus
1104 461 1182 488 nec
1219 446 1327 488 bene
1366 446 1605 488 instructus
1645 449 1723 488 est.
1785 447 1851 489 tui
1887 447 2056 502 politici

362 523 461 564 libri
494 520 689 563 omnibus
721 518 879 573 vigent.

1103 623 1158 665 11.
1204 622 1311 680 (79.)

891 716 1141 760 CAELIVS
1176 717 1456 761 CICERONI
1489 718 1530 761 S.

479 815 620 869 Certe,
656 814 851 869 inquam,
890 814 1116 856 absolutus
1155 816 1221 855 est
1251 838 1310 844 —
1341 830 1408 856 me
1440 815 1834 870 †repraesentante
1872 830 2057 870 pronun-

361 888 515 929 tiatum
554 889 619 927 est
650 910 724 940 -—,
770 888 812 927 et
853 884 1026 940 quidem
1068 886 1267 927 omnibus
1311 886 1534 928 ordinibus
1581 890 1624 928 et
1669 887 1850 942 singulis
1888 887 1933 928 in
1970 901 2056 929 uno

361 972 527 1013 quoque
570 957 716 998 ordine
759 956 998 998 sententiis.
1061 956 1172 998 ‘ride
1218 957 1380 1011 modo',
1423 956 1578 1012 inquis.
1639 973 1726 999 non
1771 957 2056 1000 mehercules:

358 1029 466 1071 nihil
508 1043 712 1082 umquam
754 1028 868 1069 enim
909 1030 1000 1069 tam
1041 1031 1213 1083 praeter
1251 1028 1516 1083 opinionem,
1559 1032 1651 1070 tam
1690 1029 1803 1084 quod
1842 1029 2058 1070 videretur

360 1100 557 1142 omnibus
588 1099 825 1155 indignum,
858 1099 1031 1154 accidit,
1065 1099 1168 1153 quin
1201 1114 1293 1155 ego,
1326 1115 1423 1141 cum
1456 1115 1534 1154 pro
1568 1100 1761 1141 amicitia
1792 1100 2057 1142 validissime

358 1172 545 1212 faverem
577 1170 615 1211 ei
643 1173 684 1211 et
711 1184 778 1212 me
805 1170 892 1212 iam
919 1171 970 1211 ad
998 1171 1228 1212 dolendum
1260 1186 1597 1226 praeparassem,
1630 1173 1863 1226 postquam
1895 1171 2059 1213 factum

360 1245 442 1295 est,
488 1241 678 1296 opstipui
723 1243 766 1282 et
809 1240 916 1282 mihi
956 1242 1073 1283 visus
1117 1256 1212 1283 sum
1256 1244 1407 1296 captus
1447 1257 1552 1284 esse.
1614 1242 1716 1297 quid
1754 1242 1862 1283 alios
1898 1241 2058 1296 putas?

359 1313 617 1355 clamoribus
670 1312 835 1354 scilicet
886 1313 1086 1354 maximis
1136 1312 1298 1354 iudices
1345 1313 1646 1368 corripuerunt
1691 1316 1734 1355 et
1778 1313 2060 1355 ostenderunt

356 1385 480 1440 plane
521 1400 632 1439 esse,
678 1384 791 1438 quod
829 1383 932 1425 ferri
970 1399 1057 1425 non
1095 1387 1261 1439 posset,
1307 1385 1454 1439 itaque
1497 1385 1673 1426 relictus
1716 1385 1828 1440 legei
1865 1383 2058 1426 Liciniae

359 1457 518 1497 maiore
551 1470 643 1497 esse
675 1455 867 1510 periculo
894 1455 1075 1497 videtur.
1126 1456 1308 1498 accessit
1339 1456 1441 1512 huc,
1477 1456 1590 1511 quod
1623 1456 1831 1511 postridie
1865 1455 1955 1497 eius
1989 1456 2059 1497 ab·

358 1526 617 1569 solutionem
648 1528 694 1568 in
725 1527 944 1568 theatrum
972 1526 1170 1569 Curionis
1197 1527 1459 1569 Hortensius
1492 1527 1676 1583 introiit,
1707 1530 1826 1583 puto,
1858 1529 1908 1568 ut
1934 1542 2060 1569 suum

359 1598 563 1654 gaudium
595 1599 892 1654 gauderemus.
955 1599 1024 1640 hic
1057 1599 1139 1640 tibi

470 1681 690 1736 strepitus,
722 1681 935 1735 fremitus,
968 1682 1131 1724 clamor
1163 1683 1407 1724 tonitruum
1440 1686 1482 1724 et
1514 1683 1746 1724 rudentum
1779 1681 1944 1723 sibilus

358 1777 438 1818 hoc
477 1776 615 1831 magis
654 1775 1001 1818 animadversum
1040 1779 1123 1831 est,
1162 1778 1275 1831 quod
1314 1778 1504 1819 intactus
1545 1778 1596 1819 ab
1637 1778 1765 1820 sibilo
1805 1779 2060 1832 pervenerat

358 1847 618 1889 Hortensius
653 1848 704 1889 ad
738 1850 1023 1903 senectutem3
1068 1848 1142 1890 sed
1180 1851 1273 1889 tum
1310 1851 1400 1890 tam
1432 1849 1557 1902 bene,
1595 1851 1644 1890 ut
1677 1849 1722 1890 in
1753 1851 1892 1890 totam
1922 1848 2059 1890 vitam

313 1932 331 1960 ι)
361 1919 527 1974 quoivis
568 1918 672 1960 satis
712 1922 825 1960 esset
864 1921 907 1960 et
944 1920 1185 1974 paeniteret
1223 1935 1318 1961 eum
1357 1920 1444 1962 iam
1483 1920 1647 1962 vicisse.
1711 1920 1761 1962 de
1793 1935 1838 1961 re
1870 1935 1909 1975 p.
1946 1920 2060 1974 quod

358 1991 439 2031 tibi
474 1991 670 2045 scribam,
702 1990 811 2032 nihil
843 1990 1003 2032 habeo:
1035 1990 1230 2033 Marcelli
1263 1991 1452 2046 impetus
1486 1992 1747 2047 resederunt,
1778 2006 1866 2033 non
1890 1990 2060 2047 inertia,

361 2062 450 2116 sed,
491 2065 536 2103 ut
568 2062 674 2103 mihi
706 2062 982 2116 videbantur,
1021 2063 1215 2105 consilio.
1277 2064 1327 2105 de
1361 2063 1550 2105 comitiis
1589 2063 1889 2105 consularibus
1926 2063 2060 2105 incer-

479 2195 509 2225 1.
537 2192 578 2225 ut
604 2203 672 2236 ego
698 2192 752 2234 M,
779 2193 817 2226 et
842 2203 910 2238 ego
939 2192 1011 2227 GR
1037 2193 1048 2237 Η
1075 2192 1227 2239 esurire]
1256 2192 1390 2227 esuriei
1417 2193 1484 2228 am
1515 2194 1526 2238 11
1558 2196 1588 2227 2.
1616 2192 1861 2238 inpenderent
1885 2192 1974 2238 (-ret
1998 2192 2059 2237 M)

361 2238 445 2272 uide
471 2239 706 2284 fungeremur
732 2239 830 2283 MR,
857 2239 996 2284 ipende
1021 2239 1108 2274 uide
1134 2240 1377 2285 fungerentur
1404 2241 1447 2275 G.
1488 2241 1722 2276 coniectando
1754 2241 1871 2276 locum
1895 2241 2060 2284 corrupit

360 2287 405 2321 E
433 2287 474 2321 dc
500 2287 651 2321 Lentsch
686 2287 833 2331 (Pmlol.
861 2287 971 2321 XXV.
1002 2291 1102 2322 1867.
1131 2300 1170 2332 p.
1192 2289 1276 2332 470)
1312 2289 1323 2332 Η
1362 2292 1392 2322 3.
1426 2288 1586 2334 plangus
1618 2288 1668 2322 M
1699 2289 1710 2333 Η
1748 2291 1778 2323 5.
1811 2287 1943 2333 uigent
1975 2287 2059 2331 GR,

360 2333 490 2379 uigens
516 2335 569 2368 M.
615 2335 660 2377 cf.
688 2335 824 2369 Becher
844 2347 882 2379 p.
905 2338 960 2370 30.
1006 2335 1177 2370 omnibus
1214 2334 1484 2382 <nominibus>
1519 2335 1649 2380 vigent
1677 2336 1716 2371 O.
1738 2335 1949 2378 Hirschfeld
1979 2336 2058 2370 coll.

362 2382 432 2416 Cic.
460 2382 507 2416 [αἶ
532 2382 609 2416 Att.
635 2381 696 2426 VI,
717 2385 749 2425 2,
771 2385 791 2415 3
824 2384 834 2426 Η
867 2385 896 2417 8.
924 2393 983 2417 me
1014 2384 1320 2427 repraesentante
1345 2384 1395 2417 M
1398 2412 1406 2427 ‚
1441 2394 1499 2417 me
1531 2384 1811 2428 repraesentare
1836 2383 1874 2418 R
1898 2383 2061 2427 idemque

360 2430 432 2471 [ιιιῗΐ
460 2430 497 2463 in
525 2429 558 2464 G
590 2431 630 2463 in
661 2441 729 2474 quo
761 2441 853 2474 repr.
885 2452 925 2454 —
954 2431 1010 2464 est
1036 2431 1097 2475 (cs.
1127 2432 1161 2475 9)
1197 2432 1235 2465 m
1267 2443 1333 2476 my.
1359 2431 1526 2475 suppleta
1551 2432 1596 2466 ab
1623 2431 1670 2466 al.
1696 2443 1741 2466 m.
1772 2441 1832 2465 me
1863 2430 2059 2475 praesente

361 2477 539 2515 Rutilius,
565 2487 623 2511 me
642 2476 681 2510 in
699 2488 738 2511 re
763 2477 952 2521 praesenti
974 2478 1191 2513 Gronovius.
1229 2489 1348 2512 meme
1367 2479 1564 2523 praesente
1584 2479 1720 2514 conieci
1745 2489 1832 2513 ann.
1854 2478 1945 2522 phil.
1969 2480 2059 2512 1886

356 2536 393 2567 p.
410 2527 469 2559 64:
496 2525 540 2567 cf.
556 2524 693 2559 Becher
708 2536 745 2568 p.
763 2528 817 2567 11,
840 2526 943 2571 Bury
959 2538 996 2569 p.
1014 2529 1056 2559 12
1077 2527 1088 2571 Η
1109 2529 1139 2560 9.
1162 2525 1267 2573 (ab)
1286 2525 1457 2560 omnibus
1479 2526 1699 2572 Wesenbery.
1725 2526 1770 2569 cf.
1787 2526 1923 2561 Becher
1937 2537 1976 2570 p.
1991 2528 2036 2558 38
2050 2524 2061 2571 i

361 2572 398 2605 ct
418 2570 508 2615 sing.
532 2572 585 2614 M,
613 2571 677 2605 sed
698 2571 790 2616 sing.
808 2572 890 2607 GR.
927 2574 1042 2608 tribus
1061 2574 1177 2619 igyz'z‘ur
1194 2575 1380 2608 sententiis
1399 2574 1574 2608 Messalla
1593 2575 1779 2609 absolutus
1799 2577 1856 2608 est.
1893 2573 1939 2616 cf.
1956 2572 2061 2607 Cobet

362 2619 533 2653 Dlnemos.
560 2619 654 2654 VHI.
684 2622 784 2654 1880.
807 2632 846 2664 2).
869 2623 952 2663 186,
985 2621 1186 2656 Mommsen
1219 2621 1268 2656 τν.
1296 2621 1464 2657 Staatsr.'
1493 2621 1560 2665 ΙΙΙ,
1590 2625 1607 2655 1
1630 2633 1668 2666 p.
1692 2624 1759 2655 532
1773 2631 1822 2665 sq.
1855 2621 1866 2666 Η
1899 2623 1952 2654 10.
1979 2619 2060 2653 ride

367 2666 595 2712 lVesenbergy,
628 2666 715 2700 uide
741 2668 775 2700 Ω
811 2668 822 2712 Η
860 2667 1068 2702 mehercule
1095 2669 1131 2703 R
1169 2671 1180 2713 Η
1220 2672 1272 2703 11.
1301 2680 1359 2713 pr.
1392 2670 1472 2703 tam
1503 2680 1570 2704 om.
1605 2668 1638 2703 G
1675 2670 1687 2713 Η
1723 2669 1804 2702 tam
1835 2666 1950 2713 quod]
1983 2665 2060 2700 iam

362 2713 459 2762 quod
485 2714 520 2748 R
540 2714 550 2757 Η
573 2717 625 2748 13,
653 2725 896 2758 praeparasse
922 2716 971 2749 M
985 2717 996 2759 Η
1018 2719 1071 2750 14.
1099 2715 1266 2761 opstipui
1291 2717 1344 2762 et]
1372 2715 1577 2761 opstipulet
1603 2716 1665 2759 M,
1692 2714 1868 2759 obstupui
1894 2715 1932 2748 et
1958 2713 2030 2749 GR
2049 2713 2061 2759 Η

362 2759 466 2805 quid]
500 2761 597 2804 quod
624 2762 657 2795 Ω
694 2763 704 2806 Η
743 2765 796 2796 16.
824 2761 951 2806 itaque
979 2764 1038 2805 M,
1071 2762 1126 2797 ita
1154 2764 1226 2798 GR
1258 2765 1268 2808 Η
1300 2763 1376 2808 legi
1408 2763 1519 2809 (legei
1544 2765 1687 2808 scripsi)
1713 2761 1879 2796 Liciniae
1906 2771 1942 2805 ς,
1976 2760 2059 2806 lege

363 2806 489 2840 licinia
509 2809 552 2842 Ω.
597 2810 641 2851 cf.
663 2809 790 2854 Lavye
816 2811 927 2854 (mtiq.
949 2810 995 2845 R.
1022 2811 1098 2844 ΠΙ2
1119 2823 1156 2855 p,
1180 2814 1247 2845 340
1267 2813 1278 2856 Η
1300 2815 1352 2846 17.
1373 2811 1513 2846 maiore
1541 2822 1570 2846 e.
1597 2811 1648 2856 p.]
1675 2811 1719 2854 cf.
1748 2810 1796 2844 ad
1814 2809 1875 2853 VI,
1896 2812 1928 2852 4,
1950 2811 1982 2844 4.
2021 2808 2060 2842 in

363 2854 429 2887 alii
455 2856 606 2890 addmzt.
644 2860 796 2891 ceterum
826 2857 945 2890 maior
973 2859 1006 2891 Ω
1037 2860 1049 2902 Η
1078 2857 1276 2902 posttridie
1305 2859 1377 2894 GR
1408 2861 1419 2903 Η
1452 2862 1506 2894 18.
1534 2856 1716 2893 ortensius
1742 2857 1824 2891 MR
1855 2857 1867 2900 Η
1897 2854 2058 2902 introiit]

362 2899 515 2935 introitu
547 2904 580 2936 Ω
616 2904 628 2947 Η
665 2907 719 2938 20.
746 2904 906 2938 Ribbeck·
937 2905 982 2947 fr.
1017 2906 1134 2951 τναρ.2
1168 2918 1205 2950 p.
1235 2910 1318 2949 119,
1359 2907 1464 2941 ‘rom
1495 2905 1617 2951 Tomy?
1647 2916 1686 2949 p.
1708 2907 1774 2938 227
1813 2905 1824 2948 Η
1860 2903 2060 2938 rudentum

364 2946 507 2993 sibilus]
545 2950 673 2983 rudem
711 2952 791 2984 tum
829 2951 949 2985 sibilis
989 2952 1049 2994 M,
1086 2952 1295 2987 rudendum
1334 2953 1453 2987 sibilis
1494 2953 1543 2997 G,
1581 2950 1796 2986 rudentium
1834 2949 1954 2985 sibilis
1993 2951 2030 2986 R
2048 2951 2059 2995 Η

364 2998 417 3028 21.
457 2995 745 3031 animatuersum
783 2999 831 3032 M
869 2999 880 3043 Η
924 2998 971 3032 ab
1008 2999 1106 3043 MR,
1146 3012 1168 3034 a
1205 3001 1238 3036 G
1280 3002 1291 3045 Η
1335 3005 1390 3035 22.
1428 3002 1507 3034 tum
1543 3000 1623 3033 tam
1661 2999 1853 3041 Benedict,
1889 2999 1971 3033 tota
1996 2998 2061 3044 ΩΗ

362 3044 429 3122 {gt
445 3043 574 3123 quoiliis
602 3046 634 3077 Ω
654 3046 664 3088 Η
684 3045 798 3091 quod]
826 3045 916 3089 quid
941 3047 975 3079 Ω
1000 3048 1011 3090 Η
1038 3050 1092 3081 24.
1119 3047 1254 3081 inertia
1280 3048 1327 3091 R,
1354 3047 1492 3082 mercia
1519 3047 1564 3091 G,
1590 3045 1742 3080 intertia
1768 3046 1817 3080 M
1837 3047 1848 3090 Η
1874 3049 1928 3080 25.
1956 3044 2059 3081 vide-

390 3098 411 3122 a
431 3100 474 3122 ur
498 3101 519 3124 α
537 3102 564 3124 ἰι

2077 973 2111 997 10

2081 1327 2113 1353 15

2078 1697 2113 1721 20

2079 2075 2112 2101 25
