2242 3496
698 191 1036 249 EPISTVLARVM
1063 191 1138 226 ΧΠ.
1169 194 1221 227 13.
1252 196 1304 227 11.
1760 190 1843 230 317

151 302 336 344 fortasse
369 303 463 342 tota
495 301 666 342 sublata
704 304 834 355 esset,
876 304 1019 342 tamen
1058 315 1216 356 magna
1253 315 1302 342 ex
1341 302 1464 355 parte
1501 298 1732 354 profligata
1769 302 1848 354 est,

152 372 354 427 quoniam
387 372 558 427 quidem
592 372 741 413 classis
775 372 1026 425 dissipatast
1057 372 1264 413 adventus
1296 371 1435 412 nostri
1474 370 1648 423 timore,
1687 370 1847 410 milites

151 443 362 498 ducesque
389 444 644 498 effugerunt,
671 442 890 483 onerariae
919 457 1065 484 omnes
1092 443 1143 483 ad
1171 457 1299 483 unam
1321 457 1345 483 a
1364 442 1488 484 nobis
1513 444 1614 482 sunt
1635 443 1846 494 exceptae.

150 517 265 556 certe
291 538 338 542 —
364 513 477 568 quod
507 514 689 554 maxime
717 514 841 554 timui
867 536 917 542 —
940 513 1086 554 videor
1112 528 1205 554 esse
1232 516 1498 565 consecutus,
1528 515 1574 553 ut
1597 527 1682 553 non
1709 512 1849 566 possit

112 583 377 626 ⁶Dolabella
410 584 454 625 in
486 583 659 625 ltaliam
691 584 912 639 pervenire
944 599 1022 626 nec
1055 584 1143 625 suis
1177 584 1306 625 sociis
1339 584 1521 624 firmatis
1552 583 1698 624 durius
1726 582 1847 623 vobis

148 654 317 697 efficere
350 655 587 711 negotium.
645 654 803 696 Rhodii
836 670 914 696 nos
949 657 991 695 et
1023 669 1112 696 rem
1139 670 1177 708 p.
1206 669 1333 708 quam
1360 655 1482 696 valde
1518 653 1849 708 desperaverint,
1877 666 1883 674 ·

149 741 200 767 ex
232 725 405 779 litteris,
439 741 544 780 quas
577 725 747 780 publice
775 724 886 780 misi,
918 739 1162 780 cognosces.
1220 728 1263 765 et
1296 726 1466 780 quidem
1510 725 1647 766 multo
1680 724 1849 778 parcius

150 797 322 852 scripsi,
362 812 491 852 quam
531 811 676 838 revera
714 796 854 838 furere
893 810 966 837 eos
1004 796 1165 849 inveni3
1210 796 1323 850 quod
1362 810 1461 836 vero
1501 796 1663 850 aliquid
1701 796 1750 836 de
1789 795 1850 836 eis

150 869 323 923 scripsi,
363 868 511 909 mirari
542 867 648 909 noli:
694 867 846 908 mirast
879 881 1028 908 eorum
1067 866 1265 907 amentia.
1322 867 1437 919 †nec
1476 881 1541 907 me
1582 881 1699 908 meae
1738 866 1850 907 ullae

98 954 132 979 ιο
151 939 355 994 privatim
386 938 568 980 iniuriae
602 952 823 992 umquam:
863 937 1000 978 malus
1039 937 1208 978 animus
1247 952 1396 978 eorum
1434 937 1477 978 in
1515 940 1663 978 nostra
1702 937 1852 990 salute,

151 1009 363 1065 cupiditas
408 1009 599 1064 partium
642 1008 842 1062 aliarum,
887 1008 1207 1063 perseverantia
1245 1008 1289 1049 in
1328 1009 1647 1063 contemptione
1687 1007 1853 1062 optumi

152 1081 358 1135 cuiusque
401 1080 576 1122 ferenda
620 1079 724 1120 mihi
770 1094 854 1121 non
894 1079 989 1121 fuit.
1050 1094 1127 1121 nec
1167 1083 1311 1120 tamen
1350 1079 1489 1120 omnis
1528 1079 1720 1133 perditos
1761 1093 1853 1120 esse

152 1154 278 1206 put03
310 1151 385 1193 sed
416 1151 530 1192 idem
561 1150 644 1205 illi,
677 1150 750 1204 qui
782 1154 875 1191 tum
908 1150 1146 1205 fugientem
1177 1153 1344 1204 patrem
1379 1165 1536 1203 meum,
1571 1149 1642 1205 qui
1675 1149 1720 1191 L.
1748 1148 1854 1189 Len-

152 1222 305 1276 tulum,
339 1221 412 1277 qui
443 1221 709 1275 Pompeium,
743 1221 816 1275 qui
849 1224 1014 1262 ceteros
1042 1222 1156 1263 viros
1188 1221 1451 1262 clarissimos
1478 1235 1566 1262 non
1592 1223 1854 1274 receperunt,

100 1292 266 1334 15idem
304 1296 528 1347 tamquam
573 1292 717 1346 aliquo
757 1291 848 1333 fato
889 1294 932 1333 et
968 1307 1080 1334 nunc
1119 1295 1194 1332 aut
1238 1292 1543 1346 magistratum
1588 1294 1744 1347 gerunt
1781 1294 1856 1332 aut

153 1378 239 1419 eos,
271 1363 346 1418 qui
378 1366 479 1405 sunt
510 1363 554 1404 in
587 1363 863 1418 magistratu,
896 1363 939 1404 in
972 1377 1049 1404 sua
1081 1363 1243 1403 habent
1268 1364 1502 1416 potestate:
1534 1363 1681 1417 itaque
1708 1362 1856 1403 eadem

153 1435 356 1490 superbia
386 1435 432 1476 in
463 1434 678 1489 pravitate
711 1437 910 1488 utuntur3
953 1448 1136 1488 quorum
1167 1433 1495 1487 improbitatem
1534 1434 1764 1488 aliquando
1796 1448 1856 1474 re—

153 1506 278 1547 tundi
303 1509 348 1548 et
372 1521 460 1548 non
485 1505 578 1560 pati
603 1505 863 1559 impunitate
891 1505 1040 1560 augeri
1064 1519 1151 1546 non
1178 1504 1319 1545 solum
1345 1505 1496 1546 utilest
1522 1504 1582 1545 rei
1608 1519 1647 1558 p.
1671 1507 1859 1557 nostrae,

156 1577 230 1618 sed
263 1577 395 1618 etiam
426 1577 728 1619 necessarium.
787 1576 837 1616 de
868 1581 1017 1617 nostra
1050 1575 1275 1630 dignitate,
1307 1574 1436 1616 velim
1468 1574 1565 1628 tibi,
1596 1578 1646 1616 ut
1679 1589 1857 1629 semper,

104 1664 140 1689 20
161 1663 286 1690 curae
320 1648 378 1689 sit
409 1651 464 1704 et,
497 1661 766 1702 quocumque
799 1650 992 1702 tempore
1020 1646 1290 1688 occasionem
1316 1646 1532 1699 habueris,
1565 1648 1608 1687 et
1633 1646 1678 1686 in
1707 1648 1858 1687 senatu

158 1722 201 1760 et
250 1719 403 1761 ceteris
452 1719 580 1760 rebus
630 1718 748 1759 laudi
798 1721 971 1759 nostrae
1028 1716 1274 1772 suffragere.
1349 1716 1554 1770 quonjam
1611 1716 1859 1758 consulibus

158 1791 329 1832 decreta
360 1792 426 1831 est
451 1788 557 1831 Asia
589 1792 633 1830 et
663 1788 923 1843 permissum
949 1790 1015 1828 est
1041 1787 1116 1842 eis,
1146 1790 1207 1842 ut,
1239 1787 1340 1828 dum
1366 1787 1449 1841 ipsi
1476 1787 1682 1841 venirent,
1709 1787 1861 1828 darent

157 1861 398 1917 negotium,
443 1860 516 1915 qui
552 1859 705 1901 Asiam
744 1859 986 1913 optineant,
1029 1872 1136 1913 rogo
1175 1861 1237 1912 te,
1279 1861 1404 1912 petas
1449 1858 1503 1899 ab
1543 1858 1622 1912 eis,
1665 1861 1715 1898 ut
1752 1858 1863 1899 hanc

158 1932 416 1988 dignitatem
452 1930 731 1986 potissimum
768 1930 895 1971 nobis
934 1928 1131 1970 tribuant
1169 1931 1212 1970 et
1249 1929 1356 1970 mihi
1395 1929 1497 1970 dent
1534 1928 1778 1984 negotium,
1815 1932 1864 1970 ut

104 2017 139 2043 25
158 2003 307 2045 Asiam
342 2002 573 2058 optineam,
605 2002 707 2043 dum
737 2000 932 2055 ipsorum
965 2000 1175 2041 alteruter
1203 2000 1339 2055 venit3
1370 2014 1482 2052 nam,
1516 2000 1630 2054 quod
1656 1999 1738 2041 hoc
1764 2014 1863 2054 pro-

158 2077 309 2128 perent
327 2074 374 2115 in
393 2074 654 2129 magistratu
674 2071 818 2114 venire
835 2075 909 2112 aut
924 2071 1160 2112 exercitum
1180 2071 1364 2124 mittere,
1385 2085 1560 2112 causam
1580 2084 1666 2112 non
1682 2071 1863 2124 habent3

162 2144 389 2186 Dolabella
420 2145 534 2186 enim
565 2144 612 2185 in
639 2142 765 2198 Syria
797 2146 875 2196 est,
908 2145 962 2196 et,
993 2145 1042 2182 ut
1073 2145 1123 2183 tu
1154 2142 1299 2183 divina
1330 2145 1406 2182 tua
1431 2144 1574 2182 mente
1601 2141 1864 2196 prospexisti

161 2218 204 2257 et
234 2215 510 2271 praedicasti,
548 2214 650 2256 dum
687 2214 762 2255 isti
800 2213 994 2266 veniunt,
1038 2211 1213 2254 Cassius
1252 2227 1349 2253 eum
1388 2212 1622 2267 opprimet,
1667 2213 1864 2254 exclusus

278 2348 311 2379 2.
338 2343 524 2388 dissipata
550 2344 608 2377 est
632 2342 713 2377 HD
732 2344 743 2386 ΙΙ
763 2345 794 2376 5.
821 2340 929 2375 nobis
956 2340 1000 2374 H
1015 2343 1026 2384 ΙΙ
1047 2344 1077 2375 6.
1104 2339 1202 2374 rodii
1226 2341 1259 2374 h.
1282 2341 1304 2375 l.
1334 2342 1373 2374 Ψ
1395 2342 1407 2385 ΙΙ
1432 2350 1544 2384 quam
1576 2339 1687 2374 valde
1720 2351 1865 2385 spreve-

160 2391 236 2426 rint
268 2391 393 2437 KYeyn
423 2393 476 2436 (p.
505 2391 583 2435 48),
622 2390 734 2435 quod,
771 2390 912 2424 etiamsi
942 2388 1096 2432 probent
1126 2389 1221 2422 Boot
1253 2388 1356 2432 ((0113.
1384 2388 1479 2423 erit?
1510 2389 1630 2432 12.24)
1665 2391 1697 2422 et
1729 2388 1867 2423 Kohlm-

161 2441 215 2484 (p.
238 2441 293 2483 18,
314 2440 359 2484 1),
385 2440 625 2474 necessarium
648 2448 719 2471 non
748 2437 891 2471 videtur
910 2437 921 2479 ΙΙ
948 2440 978 2469 8.
1007 2445 1120 2479 quam
1145 2438 1367 2469 revera—9.
1396 2434 1527 2479 scripsi
1553 2435 1634 2470 HD
1661 2437 1868 2480 (praeterea

164 2487 380 2529 Gratamler,
404 2487 480 2521 cod.
507 2485 628 2519 Paris.
657 2486 747 2518 7783
773 2488 806 2518 et
832 2486 958 2526 14761,
987 2482 1159 2517 Canonie.
1186 2486 1267 2526 210,
1294 2483 1388 2527 alit),
1415 2493 1481 2517 om.
1503 2482 1549 2516 M
1565 2484 1576 2526 ΙΙ
1596 2485 1628 2517 8.
1655 2493 1717 2516 666
1739 2493 1804 2517 om.
1826 2482 1870 2516 Η

163 2536 241 2577 (eos
265 2533 386 2568 furere
411 2533 492 2567 hab.
518 2533 582 2566 hoc
601 2532 726 2566 ordine
748 2530 918 2565 canonic.
940 2531 1022 2574 210)
1041 2530 1052 2574 ΙΙ
1072 2529 1118 2563 (16
1144 2529 1213 2575 616]
1242 2529 1286 2564 de
1306 2529 1366 2563 his
1386 2529 1467 2563 HD
1485 2530 1496 2574 ΙΙ
1517 2532 1548 2565 9.
1574 2529 1670 2563 mira
1689 2531 1747 2564 est
1766 2529 1859 2573 HD]

162 2591 230 2616 nec
248 2591 307 2614 me
326 2590 432 2614 meae
446 2579 543 2622 MH,
564 2589 632 2612 1166
651 2579 788 2612 memet
801 2577 849 2612 D.
888 2587 956 2611 nec
974 2587 1081 2611 meae
1101 2578 1169 2611 alii
1189 2578 1200 2621 ΙΙ
1220 2580 1251 2610 9.
1269 2580 1322 2611 10.
1343 2578 1540 2611 mouerunt
1560 2589 1582 2611 α
1602 2589 1646 2612 m.
1668 2578 1776 2622 quad.
1798 2589 1865 2612 ree.

163 2629 388 2672 adscriptum
414 2629 455 2661 in
484 2627 539 2669 M,
565 2626 660 2660 unde
685 2636 753 2659 nec
780 2624 1030 2671 (moverunt)
1056 2634 1114 2658 1116
1140 2635 1244 2658 meae
1266 2625 1486 2670 TVesenbery.
1522 2635 1700 2668 umquam
1725 2624 1867 2671 <pepu-

163 2675 312 2721 lerunt>
340 2674 477 2709 Ko'hler
501 2675 554 2718 (p.
576 2676 647 2714 23).
686 2673 776 2706 mihi
801 2673 841 2706 in
861 2673 938 2716 ipso
957 2683 988 2706 v.
1015 2682 1193 2715 umquam
1216 2672 1325 2706 latere
1344 2673 1488 2707 videtur
1506 2670 1681 2706 movendi
1700 2673 1845 2706 verbum

165 2726 219 2757 10.
240 2722 279 2756 111
298 2723 464 2756 nostram
484 2720 643 2755 salutem
663 2720 742 2754 alii.
774 2720 820 2762 ef.
838 2719 974 2753 Ko'hler
988 2720 1010 2753 l.
1025 2730 1052 2754 c.
1073 2720 1084 2762 ΙΙ
1106 2722 1159 2752 11.
1182 2718 1326 2763 optumi
1339 2718 1430 2763 HD,
1451 2718 1585 2763 optimi
1600 2719 1647 2753 M
1662 2720 1673 2763 ΙΙ
1695 2723 1747 2753 12.
1775 2718 1869 2752 mihi

164 2781 230 2805 om.
256 2769 296 2804 D
314 2772 325 2813 ΙΙ
345 2771 470 2803 tamen
496 2768 551 2811 M,
578 2769 656 2801 tam
681 2766 731 2809 D,
756 2770 789 2801 et
815 2766 859 2800 H
879 2767 940 2800 sed
965 2778 1045 2800 cum
1070 2777 1142 2800 ras.
1167 2777 1246 2810 sup.
1273 2777 1310 2798 m
1329 2768 1340 2809 ΙΙ
1360 2776 1440 2800 6666
1463 2768 1467 2809 Ι
1490 2777 1581 2809 esse,
1604 2778 1661 2811 pr.
1689 2777 1769 2810 exp.
1791 2766 1836 2799 M
1842 2771 1867 2809 ⁰,

165 2817 214 2852 M
227 2820 239 2859 j}
259 2821 314 2852 16.
340 2817 526 2862 potestate
553 2814 694 2848 habent
719 2814 787 2858 D¹jl
808 2817 861 2848 18.
888 2813 969 2857 pati
995 2825 1038 2848 ex
1063 2813 1188 2857 putati
1213 2813 1262 2847 M
1265 2817 1296 2857 0,
1322 2813 1448 2858 putari
1474 2813 1565 2848 HD.
1605 2812 1687 2857 pari
1719 2814 1869 2858 Benyel,

165 2866 249 2908 sort.
284 2870 373 2899 recte
409 2865 420 2908 ΙΙ
457 2861 551 2897 utile
584 2863 641 2896 est
673 2861 752 2895 ΙΙΙ)
789 2862 800 2905 ΙΙ
838 2863 892 2894 20.
925 2860 1082 2894 habueri
1115 2861 1194 2904 (sic)
1233 2862 1271 2894 et
1308 2859 1347 2893 in
1381 2861 1442 2903 M,
1479 2860 1654 2894 habuerit
1686 2859 1725 2894 in
1757 2860 1838 2895 HD
1869 2893 1871 2905 ,

169 2916 225 2946 21.
251 2910 385 2946 ceteris
403 2910 498 2956 <111>
517 2909 626 2944 rebus
647 2909 725 2943 alii.
757 2914 804 2950 cs.
826 2908 963 2942 Kohler
977 2920 1014 2952 p.
1037 2910 1080 2941 26
1101 2909 1112 2951 ΙΙ
1132 2911 1188 2942 22.
1214 2907 1284 2952 eis]
1305 2907 1363 2941 his
1386 2909 1433 2950 Ψ,
1460 2907 1506 2941 116
1527 2919 1546 2944 ς
1567 2909 1578 2951 ΙΙ
1598 2912 1652 2942 23.
1675 2907 1795 2942 asiam
1813 2908 1868 2951 M,

169 2958 202 2993 si
225 2958 301 2993 iam
326 2958 378 3003 H,
404 2957 437 2992 si
462 2957 581 2992 asiam
607 2957 645 2990 D
663 2959 675 3000 11
695 2954 904 3000 optineant]
931 2954 1101 2989 obtineat
1127 2954 1232 2989 Cobet
1257 2955 1445 2999 (BInemos.
1465 2954 1561 2990 VIII.
1590 2957 1691 2989 1880.
1714 2967 1752 3000 p.
1775 2957 1869 2999 191),

159 3006 360 3041 'inutiliter.
398 3017 463 3041 ‘nec
486 3005 603 3050 vna-qis
627 3003 947 3039 commendandum
974 3002 1132 3047 Kayser-2·
1157 3001 1379 3037 obtinerent.
1417 3004 1462 3045 cf.
1484 3002 1623 3037 Ko'hler
1642 3014 1681 3047 p.
1703 3005 1746 3036 31
1767 3004 1778 3047 ΙΙ
1798 3002 1868 3048 616]

169 3051 228 3086 1116
256 3055 303 3096 Ψ,
329 3053 376 3087 iis
402 3064 423 3090 ς
443 3055 454 3098 ΙΙ
473 3056 528 3088 24.
556 3053 594 3087 et
618 3050 710 3085 mihi
736 3051 789 3093 M,
817 3051 859 3083 ut
883 3049 975 3083 mihi
1001 3049 1082 3084 HD
1108 3050 1120 3093 11
1152 3053 1207 3084 25.
1234 3048 1352 3095 venit]
1378 3048 1523 3083 venerit
1550 3049 1719 3093 Ernesti,
1742 3049 1872 3084 veniat

180 3100 229 3134 W
225 3101 397 3146 asenbery.
437 3101 482 3144 cf.
504 3099 641 3135 Kohler
660 3099 681 3133 l.
704 3110 732 3133 6.
752 3100 763 3143 ΙΙ
782 3097 853 3132 1106
869 3099 916 3142 Ψ,
937 3096 1009 3131 11116
1023 3108 1042 3134 ς
1062 3098 1075 3142 ΙΙ
1093 3100 1150 3131 26.
1176 3096 1215 3130 in
1234 3096 1459 3142 magistratu
1473 3096 1522 3142 D,
1549 3097 1561 3130 i
1568 3096 1795 3142 magistratu
1815 3098 1869 3143 M,

173 3145 210 3181 in
235 3146 499 3192 magistratum
526 3147 568 3182 H
