2242 3496
709 199 1045 234 lssl’IS'l'VLAltVM
1076 199 1149 235 XV.
1178 204 1208 235 4.
1238 203 1268 236 5,
1296 203 1326 235 6.
1779 202 1859 242 411

168 308 227 349 rei
260 323 301 364 p.
333 308 553 363 provisum
586 311 669 364 cst,
710 309 774 350 dis
808 308 1124 350 immortalibus
1158 308 1368 365 gratulari
1405 323 1484 351 nos
1523 324 1650 364 quam
1690 310 1771 351 tibi
1805 325 1864 352 rc·

167 379 277 421 ferre
323 382 547 433 acceptum
593 380 750 433 mavis,
795 380 980 435 gaudeo:
1025 380 1136 434 quod
1182 380 1217 421 si
1263 379 1473 435 triumphi
1516 381 1862 436 praerogativam

167 452 293 505 putas
321 450 679 504 supplicationem
707 454 749 492 et
777 450 934 493 idcirco
962 465 1107 492 casum
1135 451 1280 505 potius
1308 466 1436 506 quam
1462 453 1503 493 te
1531 450 1695 492 laudari
1716 452 1864 506 mavis,

166 535 302 575 neque.
337 521 697 575 supplicationem
724 521 920 576 sequitur
946 536 1114 576 semper
1141 521 1385 576 triumphus
1412 525 1455 564 et
1480 522 1701 577 triumpho
1726 523 1863 564 multo

132 591 325 634 ⁵clarius
370 595 436 633 est
481 597 676 634 senatum
728 593 912 635 iudicare
964 593 1109 647 potius
1161 593 1485 635 mansuetudine
1533 595 1577 634 et
1619 593 1866 635 innocentia

167 662 442 718 imperatoris
482 664 747 717 provinciam
786 678 915 718 quam
954 663 993 704 vi
1033 663 1220 704 militum
1263 666 1337 704 aut
1374 663 1642 719 benignitate
1687 664 1864 705 deorum

167 737 380 775 retentam
407 737 534 788 atque
563 737 858 776 conservatam
886 749 989 788 esse,
1019 735 1131 788 quod
1158 748 1238 789 ego
1265 749 1359 775 mea
1385 734 1600 776 sententia
1627 735 1863 776 censebam.

167 808 296 861 atque
327 804 432 847 haec
464 819 544 860 ego
578 805 735 847 idcireo
768 806 819 846 ad
851 807 892 846 te
927 807 1078 846 contra
1110 805 1463 847 consuetudinem
1497 821 1636 847 meam
1667 806 1862 860 pluribus

167 876 333 932 scripsi,
364 878 433 926 ut,
465 876 579 930 quod
612 876 796 917 maxime
830 875 947 929 volo,
980 876 1199 917 existimes
1233 890 1299 917 me
1331 876 1546 930 laborare,
1578 879 1626 917 ut
1661 877 1741 918 tibi
1773 892 1864 931 per-

115 963 146 989 ιο
167 947 369 988 suadeam
402 961 468 988 me
501 950 544 988 et
577 946 763 988 voluisse.
803 946 852 987 (le
886 949 961 987 tua
999 946 1244 1002 maiestate,
1283 947 1395 1001 quod
1435 947 1750 1002 amplissimum
1783 948 1865 989 sim

165 1017 416 1072 arbitratus,
447 1019 508 1071 et,
540 1017 653 1071 quod
686 1019 734 1058 tu
767 1017 980 1072 maluisti,
1014 1017 1175 1059 sactum
1208 1032 1300 1060 esse
1334 1019 1530 1073 gaudere.
1588 1019 1678 1060 vale
1712 1021 1755 1060 et
1785 1034 1863 1060 nos

165 1088 296 1145 dilige
328 1091 372 1130 et
403 1088 606 1130 instituto
639 1087 791 1130 itinere
825 1088 1098 1130 severitatem
1131 1088 1485 1144 diligentiamque
1512 1090 1640 1132 sociis
1668 1093 1711 1132 et
1737 1090 1798 1131 rei
1824 1105 1863 1145 p.

162 1161 345 1214 praesta.

884 1253 956 1296 VI.
1002 1253 1138 1311 (137.)

113 1365 145 1390 15
606 1348 661 1391 M.
695 1347 907 1392 CICERO
944 1348 982 1391 s,
1016 1349 1067 1390 D.
1100 1349 1154 1390 M.
1193 1348 1423 1392 CATONJ.

283 1443 457 1485 ‘Laetus
484 1458 580 1486 sum
605 1444 771 1486 laudari
804 1445 898 1499 me',
931 1444 1072 1499 inquit
1098 1443 1272 1499 Hector,
1305 1446 1469 1500 opinor,
1499 1446 1611 1500 apud
1638 1444 1863 1499 Naevium,

166 1515 258 1570 ‘aps
292 1517 352 1569 te,
384 1518 524 1570 pater,
557 1531 580 1556 a
611 1515 785 1556 laudato
818 1514 946 1571 viro'3
985 1530 1034 1557 ea
1065 1518 1131 1557 est
1164 1516 1278 1557 enim
1309 1516 1504 1573 profecto
1537 1516 1722 1558 iucunda
1760 1516 1868 1571 laus,

166 1600 272 1641 quae
306 1586 359 1628 ab
393 1586 453 1628 eis
486 1587 787 1642 proficiscitur,
821 1587 894 1641 qui
927 1587 1008 1642 ipsi
1041 1588 1086 1628 in
1117 1588 1240 1629 laude
1274 1588 1482 1629 vixerunt.
1541 1602 1621 1643 ego
1660 1603 1761 1630 vero
1799 1588 1866 1629 vel

164 1657 454 1713 gratulatione
482 1656 726 1699 litterarum
755 1661 926 1700 tuarum
947 1659 1013 1700 vel
1034 1659 1297 1700 testimoniis
1325 1659 1565 1700 sententiae
1591 1659 1729 1701 dictae
1756 1658 1866 1700 nihil

111 1744 144 1768 ρο
165 1730 232 1769 est
264 1727 378 1782 quod
410 1743 477 1770 me
509 1742 596 1770 non
628 1729 878 1771 adsecutum
910 1732 1076 1784 putem,
1108 1729 1235 1784 idque
1268 1729 1375 1771 mihi
1408 1744 1505 1771 cum
1538 1730 1868 1784 amplissimum,

165 1801 258 1840 tum
303 1799 602 1854 gratissimum
641 1802 723 1854 est,
767 1802 808 1841 te
847 1800 1032 1841 libenter
1070 1799 1286 1841 amicitiae
1324 1800 1508 1856 dedisse,
1553 1801 1665 1855 quod
1702 1800 1866 1854 liquido

165 1869 338 1911 veritati
371 1870 505 1911 dares.
563 1873 616 1925 et,
649 1870 685 1912 si
715 1885 803 1912 non
835 1871 962 1912 modo
995 1886 1156 1924 omnes,
1189 1886 1336 1913 verum
1368 1872 1500 1913 etiam
1527 1871 1653 1913 multi
1681 1870 1865 1913 Catones

164 1943 308 1982 essent
340 1940 384 1981 in
417 1941 590 1982 civitate
621 1944 784 1996 nostra,
816 1942 860 1983 in
888 1956 972 1996 qua
998 1957 1131 1983 unum
1158 1942 1377 1984 exstitisse
1405 1942 1602 1984 mirabile
1629 1945 1708 1998 est,
1740 1956 1867 1997 quem

164 2024 245 2067 ego
278 2025 450 2053 currum
483 2014 558 2054 aut
584 2027 714 2066 quam
739 2013 931 2054 lauream
958 2028 1054 2055 cum
1079 2016 1155 2055 tua
1180 2013 1426 2055 laudatione
1453 2013 1722 2056 conferrem?
1766 2028 1866 2055 nam

112 2098 144 2124 25
165 2082 217 2124 ad
255 2097 398 2124 meum
436 2097 608 2125 sensum
647 2086 689 2125 et
728 2084 779 2125 ad
819 2084 924 2126 illud
963 2084 1179 2126 sincerum
1217 2099 1265 2126 ac
1305 2085 1463 2139 suptile
1508 2084 1714 2127 iudicium
1758 2085 1866 2126 nihil

162 2156 309 2208 potest
348 2168 440 2195 esse
477 2155 737 2196 laudabilius
777 2169 905 2209 quam
938 2170 987 2196 ea
1019 2158 1094 2196 tua
1127 2155 1284 2210 oratio,
1329 2170 1437 2210 quae
1476 2158 1542 2197 est
1581 2156 1632 2197 acl
1671 2170 1738 2197 me
1775 2170 1867 2210 per-

165 2225 327 2279 scripta
365 2239 390 2266 a
428 2224 533 2266 meis
578 2225 844 2267 necessa-riis.
910 2226 984 2267 sed
1028 2240 1200 2268 causam
1244 2241 1363 2268 meae
1408 2226 1646 2268 voluntatis
1685 2251 1744 2256 —
1779 2242 1867 2268 non

165 2296 279 2337 enim
311 2295 450 2337 dicam
488 2296 738 2350 cupiditatis
772 2321 831 2326 —
866 2297 1043 2351 exposui
1083 2298 1164 2338 tibi
1203 2298 1497 2353 superioribus
1536 2298 1712 2352 litteris,
1758 2313 1865 2352 quac

165 2366 335 2408 etiamsi
369 2381 521 2420 parum
554 2367 667 2408 iusta
698 2367 780 2408 tibi
813 2368 906 2409 visa
938 2371 1016 2423 est,
1046 2368 1156 2410 hanc
1189 2371 1335 2411 tamen
1366 2369 1498 2411 habet
1525 2369 1748 2424 rationem,
1779 2384 1866 2411 non

111 2453 146 2479 30
165 2440 213 2478 ut
244 2437 373 2479 nimis
413 2438 777 2493 concupiscendus
815 2438 971 2492 honos,
1011 2439 1083 2480 sed
1123 2442 1284 2494 tamen,
1327 2440 1362 2482 si
1395 2440 1612 2482 deferatur
1645 2455 1670 2481 a
1702 2442 1865 2495 senatu,

284 2570 315 2601 1.
342 2565 399 2600 dis
426 2566 480 2608 M,
508 2566 579 2600 diis
601 2566 721 2600 ΓΗΒ
740 2567 751 2610 ΙΙ
770 2577 836 2601 nos
862 2578 906 2602 ωε
926 2578 992 2602 uos
1014 2568 1071 2601 Ml
1092 2571 1103 2609 Η
1123 2573 1154 2603 2.
1181 2569 1301 2603 mauis
1322 2570 1417 2613 MD,
1443 2569 1564 2603 maius
1586 2569 1670 2603 ΕΗ
1685 2570 1696 2614 ΙΙ
1716 2572 1746 2603 3.
1775 2580 1864 2603 casu

163 2613 242 2657 (sie)
273 2612 397 2658 potius
424 2614 559 2657 ΜΒΓ,
591 2613 714 2658 potius
744 2624 832 2648 casu
866 2614 910 2647 II
924 2615 935 2659 ΙΙ
955 2615 992 2649 te
1019 2615 1116 2659 MD,
1150 2628 1215 2650 om.
1245 2616 1405 2661 FJI114.
1440 2616 1608 2660 sequitur
1640 2627 1784 2661 semper
1809 2617 1866 2660 M,

165 2693 309 2728 semper
335 2683 501 2728 sequitur
530 2684 647 2718 FHD
671 2685 682 2727 11
708 2688 739 2719 5.
767 2673 913 2728 claudi,
939 2697 961 2719 u
988 2698 1011 2721 α
1036 2698 1080 2721 m.
1103 2691 1133 2730 1,
1163 2687 1210 2721 M
1229 2689 1240 2732 ΙΙ
1266 2687 1389 2732 potius
1417 2687 1582 2722 iudicare
1609 2687 1648 2722 F
1671 2689 1682 2732 ΙΙ
1709 2691 1739 2721 6.
1766 2687 1863 2721 mili-

164 2732 244 2764 tum
271 2730 324 2773 ΑΙ,
351 2730 506 2765 multum
537 2731 656 2766 FHD
674 2733 685 2775 11
713 2738 742 2766 ὅ.
769 2732 1076 2767 consuetudinem
1101 2745 1223 2768 meam
1248 2735 1302 2778 M,
1329 2747 1376 2769 m.
1403 2746 1432 2769 c.
1462 2735 1582 2770 FHD
1600 2736 1611 2779 ΙΙ
1632 2738 1685 2769 10.
1714 2734 1783 2768 sim
1809 2735 1863 2778 M,

165 2777 215 2812 sis
243 2777 373 2822 FHD,
401 2789 481 2812 sum
509 2790 527 2815 ς
554 2780 565 2823 ΙΙ
594 2782 646 2814 11.
667 2780 708 2812 tu
729 2778 895 2813 maluisti
923 2780 974 2823 M,
1001 2780 1169 2815 maluisti
1194 2783 1235 2815 tu
1263 2782 1383 2816 ΓΗΖ)
1408 2783 1419 2826 11
1446 2785 1501 2816 16.
1527 2782 1679 2827 Laetus]
1707 2783 1865 2816 Ribbeck

163 2828 209 2867 [ν.
238 2827 354 2870 ῒναῃῇἐ
375 2838 413 2869 p.
435 2830 455 2859 ὅ
475 2827 486 2869 ΙΙ
506 2824 637 2869 inquid
663 2826 711 2860 M
725 2827 736 2870 11
765 2829 818 2861 17.
849 2827 914 2861 ‘ea
938 2828 995 2861 est
1020 2827 1182 2862 iocunda
1207 2828 1300 2872 laus,
1327 2840 1422 2873 quae
1450 2829 1496 2863 ab
1523 2828 1582 2863 his
1607 2828 1864 2874 proficiscitur,

165 2871 229 2916 qui
260 2871 333 2917 ipsi
364 2872 403 2906 in
434 2871 545 2907 laude
577 2872 768 2907 vixerunt'
797 2874 900 2908 habet
931 2875 1006 2909 cod.
1036 2874 1202 2910 Guvsmzuss
1231 2875 1261 2910 O
1283 2879 1325 2909 14
1357 2887 1383 2911 s.
1412 2877 1496 2910 XII
1521 2888 1579 2920 ap.
1612 2877 1643 2911 I.
1672 2876 1865 2910 Kleinium

167 2919 276 2955 ‘iiber
300 2931 327 2954 e.
355 2919 601 2962 Handschrr'ft
632 2920 666 2954 d.
695 2920 870 2955 Nicolaus
900 2932 970 2955 von
999 2921 1106 2956 Cues’
1136 2923 1271 2966 (Berol.
1308 2925 1412 2966 1866)
1444 2935 1478 2967 p.
1508 2924 1680 2967 1171119.
1709 2922 1778 2968 eis]
1805 2922 1863 2957 his

169 2966 257 3010 ²11F,
283 2965 329 3001 iis
357 2978 376 3004 ς
402 2968 414 3011 ΙΙ
440 2970 494 3001 22.
522 2978 594 3001 non
621 2967 729 3001 modo
757 2967 850 3011 MD,
876 2968 985 3003 modo
1013 2968 1098 3003 FH
1118 2970 1130 3013 11
1155 2972 1210 3004 24.
1238 2980 1349 3013 quam
1375 2970 1476 3012 MD,
1502 2981 1568 3004 om.
1596 2970 1706 3014 FHn
1726 2973 1781 3004 25.
1808 2969 1863 3004 in-

167 3012 316 3058 dicium,
342 3025 403 3047 um
431 3016 482 3059 (u)
508 3026 551 3048 ea:
577 3025 598 3049 o
618 3026 662 3049 m.
687 3017 716 3057 1,
744 3014 794 3058 H,
819 3013 998 3049 indicium
1024 3028 1067 3050 ea:
1093 3015 1273 3051 iudicium
1299 3017 1351 3051 1⁸¹
1373 3018 1458 3061 1126.
1485 3018 1552 3051 tua
1578 3016 1696 3051 oratio
1717 3018 1773 3060 M,
1798 3018 1865 3052 tua

167 3059 308 3095 curatio
337 3061 426 3104 ΓΗ,
453 3061 640 3096 estimatio
667 3061 705 3095 D
724 3063 735 3106 l!
755 3061 803 3095 ad
829 3074 873 3097 ea:
899 3073 921 3097 a
941 3062 999 3097 M¹
1020 3064 1031 3108 ΙΙ
1051 3066 1106 3098 27.
1134 3074 1157 3098 a
1182 3063 1274 3098 meis
1293 3064 1343 3102 1),
1371 3075 1393 3098 a
1418 3063 1503 3098 miis
1523 3064 1577 3107 M,
1605 3063 1734 3099 amicis
1755 3064 1836 3099 ΕΗ
1854 3073 1865 3110 y:

166 3111 222 3142 29.
248 3118 379 3152 parum
404 3108 475 3143 tibi
501 3108 602 3143 iussa
629 3110 685 3143 est
710 3108 810 3143 iusta
835 3108 906 3143 tibi
931 3109 1013 3144 uisa
1039 3111 1096 3145 est
1123 3111 1182 3155 M,
1213 3112 1274 3146 sed
1302 3110 1374 3145 tibi
1400 3110 1502 3145 iussa
1528 3113 1585 3146 est
1609 3123 1689 3157 exp.
1717 3111 1790 3156 Μ),
1823 3117 1864 3147 ut

166 3154 239 3190 vid.
267 3156 346 3199 (om.
368 3155 420 3200 P)
440 3157 525 3200 1130.
554 3155 680 3202 nimis]
707 3155 827 3190 minus
857 3157 938 3191 ΨΒ

1897 1459 1909 1488 l

1893 2242 1912 2270 Ιῦ
