2242 3496
133 911 167 935 10

134 1264 166 1290 15

706 149 1043 185 EPISTVLARVM
1071 150 1112 185 x.
1143 153 1195 185 ιο.
1225 154 1278 186 11.
1308 154 1360 185 12.
1798 151 1876 191 251

188 257 498 312 Allobrogibus
539 258 736 312 constiti,
774 260 822 300 ut
861 259 1038 313 proinde
1077 260 1127 300 ad
1167 259 1311 301 omnia
1347 262 1524 314 paratus
1563 273 1701 301 essem
1734 274 1782 300 ac
1815 274 1882 300 res

185 343 252 370 me
292 331 494 369 moneret.
558 329 591 368 si
632 329 770 370 nudus
809 328 889 371 hoc
929 344 973 370 se
1007 330 1221 371 Antonius
1262 330 1445 383 confert,
1485 329 1611 372 facile
1645 329 1702 370 mi
1736 329 1882 370 videor

185 413 260 454 per
297 413 364 440 me
403 399 615 440 sustinere
654 414 779 454 posse
822 415 995 455 remque
1035 401 1252 455 publicam
1291 416 1340 442 ex
1380 403 1524 442 vestra
1562 400 1777 442 sententia
1815 401 1881 441 ad-

184 468 442 523 ministrare,
475 471 670 525 quamvis
704 471 757 512 ab
786 471 975 513 exercitu
1003 471 1153 526 Lepidi
1182 472 1433 526 recipi-atum,
1465 471 1501 513 si
1535 485 1634 513 vero
1662 470 1882 525 copiarum

185 540 347 595 aliquid
392 555 536 582 secum
582 541 763 583 adducet
801 546 843 584 et
882 543 917 584 si
957 542 1119 584 decima
1158 543 1272 598 legio
1319 546 1536 597 veterana,
1581 557 1688 597 quae
1733 545 1883 583 nostra

184 625 314 666 opera
340 615 540 653 revocata
567 626 661 653 cum
689 613 866 667 reliquis
893 616 970 667 est,
1003 614 1053 654 ad
1082 613 1262 655 eundem
1292 616 1479 656 furorem
1508 613 1694 666 redierit,
1727 615 1884 665 tamen,

183 697 236 724 ne
269 682 369 738 quid
396 682 645 724 detrimenti
671 684 757 738 fiat,
791 683 963 725 dabitur
996 698 1127 737 opera
1153 700 1177 725 a
1203 699 1281 737 me,
1315 685 1440 739 idque
1468 700 1534 726 me
1563 686 1883 739 praestaturum

186 768 324 808 spero,
356 753 457 794 dum
484 753 612 795 istinc
641 754 787 809 copiae
814 754 1070 796 traiciantur
1097 755 1432 810 coniunctaeque
1463 756 1689 797 nobiscum
1715 755 1883 796 facilius

186 824 375 878 perditos
413 824 673 879 opprimant.
735 825 815 867 hoc
855 825 935 866 tibi
974 825 1182 879 spondeo,
1221 826 1278 866 mi
1313 825 1480 882 Cicero,
1518 842 1653 880 neque
1693 826 1917 868 animum·

185 908 263 936 nec
294 894 566 950 diligentiam
593 895 699 936 mihi
725 896 980 937 defuturam.
1035 896 1161 950 cupio
1190 897 1452 939 mehercules
1480 897 1642 938 nullam
1668 897 1882 939 residuam

186 964 524 1007 sollicitudinem
556 980 667 1020 esse3
700 966 784 1020 sed,
818 967 851 1007 si
884 966 1029 1021 fuerit,
1058 981 1135 1008 nec
1169 967 1311 1009 auimo
1344 982 1421 1009 nec
1454 967 1775 1010 benevolentiae
1807 983 1884 1010 uec

186 1036 420 1091 patientiae
453 1036 707 1091 cuiusquam
739 1051 817 1092 pro
851 1037 974 1078 vobis
1002 1037 1160 1078 cedam.
1216 1038 1268 1079 do
1303 1039 1474 1093 quidem
1507 1053 1586 1094 ego
1619 1053 1805 1094 operam,
1836 1042 1885 1081 ut

186 1108 319 1150 etiam
351 1106 560 1162 Lepidum
591 1108 644 1149 ad
676 1107 802 1149 huius
835 1107 896 1149 rei
930 1108 1182 1149 societatem
1215 1108 1400 1159 incitem,
1435 1110 1662 1164 omniaque
1695 1110 1733 1151 ei
1767 1124 1885 1165 opse-

187 1178 289 1234 quia
331 1178 559 1234 polliceor,
603 1179 639 1220 si
683 1179 810 1220 modo
855 1193 945 1220 rem
985 1194 1024 1233 p.
1067 1179 1276 1234 respicere
1321 1181 1454 1235 volet3
1500 1183 1598 1222 utor
1640 1181 1684 1222 in
1722 1181 1801 1222 hac
1840 1196 1883 1222 re

186 1250 456 1292 adiutoribus
507 1249 902 1304 interpretibusque
953 1249 1087 1291 fratre
1134 1265 1227 1292 meo
1273 1254 1316 1292 et
1360 1251 1591 1293 Laterense
1637 1254 1680 1293 et
1723 1251 1884 1293 Furnio
1921 1243 1934 1257 ⁹

186 1324 358 1377 nostror,
389 1335 476 1363 non
508 1336 574 1362 me
606 1321 827 1376 inpedient
852 1321 1045 1375 privatae
1073 1321 1342 1376 offensiones,
1374 1337 1458 1377 quo
1486 1323 1625 1364 minus
1653 1337 1731 1377 pro
1758 1324 1820 1365 rei
1846 1339 1885 1378 p.

136 1704 170 1729 20

137 2118 171 2144 25

139 2473 174 2498 30

188 1392 327 1434 salute
360 1393 491 1434 etiam
524 1407 621 1434 cum
652 1392 953 1434 inimicissimo
982 1393 1267 1434 consentiam:
1301 1394 1413 1447 quod
1446 1394 1482 1434 si
1514 1394 1621 1435 nihil
1653 1394 1888 1449 profecero,

186 1464 324 1506 nihilo
369 1463 511 1505 minus
563 1463 750 1505 maximo
795 1478 890 1505 sum
936 1463 1078 1505 animo
1124 1467 1168 1505 et
1212 1465 1373 1506 maiore
1424 1465 1609 1506 fortasse
1654 1480 1751 1506 cum
1795 1480 1889 1507 mea

188 1534 329 1590 gloria
360 1534 482 1576 vobis
505 1522 624 1576 'satis
656 1534 823 1577 faciam.
885 1534 954 1576 fac
987 1535 1129 1577 valeas
1164 1550 1315 1590 meque
1348 1538 1498 1577 mutuo
1532 1535 1698 1591 diligas.

898 1688 995 1731 XII.
1043 1687 1182 1745 (377.)

795 1794 1009 1839 CICERO
1043 1795 1288 1838 PLANCO.

307 1890 407 1932 Etsi
445 1892 507 1932 rei
538 1906 577 1946 p.
617 1906 745 1934 causa
784 1892 968 1933 maxime
1007 1891 1193 1946 gaudere
1235 1891 1368 1933 debeo
1408 1893 1579 1933 tantum
1618 1891 1656 1932 ei
1694 1894 1736 1932 te
1774 1907 1891 1946 prae-

191 1962 308 2017 sidii,
345 1965 516 2004 tantum
555 1963 649 2017 opis
689 1963 889 2005 attulisse
923 1962 1126 2004 extremis
1158 1977 1291 2016 paene
1324 1962 1611 2016 temporibus,
1653 1965 1799 2004 tamen
1831 1963 1891 2004 ita

192 2036 235 2075 te
266 2033 476 2075 victorem
514 2034 778 2089 complectar
810 2049 854 2075 re
887 2049 925 2088 p.
958 2035 1229 2088 recuperata,
1267 2036 1315 2074 ut
1352 2048 1554 2089 magnam
1588 2035 1752 2088 partem
1786 2033 1891 2074 mihi

192 2104 385 2146 laetitiae
417 2107 493 2146 tua
519 2105 708 2160 dignitas
736 2104 888 2159 adfert,
921 2119 1049 2159 quam
1082 2107 1125 2145 et
1157 2118 1249 2145 esse
1281 2104 1367 2145 iam
1395 2107 1438 2145 et
1463 2104 1656 2146 futuram
1682 2104 1891 2159 amplissi-

193 2190 308 2217 mam
346 2175 574 2231 intelleg03
618 2191 719 2218 cave
758 2176 872 2217 enim
910 2178 1036 2230 putes
1074 2175 1185 2216 ullas
1229 2190 1435 2229 umquam
1473 2175 1641 2216 litteras
1679 2176 1891 2231 gratiores

193 2261 323 2301 quam
356 2249 453 2288 tuas
486 2247 530 2288 in
562 2250 714 2288 senatu
747 2261 839 2288 esse
873 2247 1097 2300 recitatas,
1130 2246 1256 2300 idque
1290 2247 1477 2301 contigit
1510 2261 1605 2288 cum
1638 2246 1892 2288 meritorum

193 2320 366 2359 tuorum
399 2318 440 2358 in
476 2333 566 2359 rem
598 2333 637 2372 p.
670 2317 827 2359 eximia
859 2317 1043 2372 quadam
1074 2316 1384 2373 magnitudine,
1415 2319 1508 2358 tum
1540 2317 1769 2358 verborum
1803 2332 1892 2358 sen-

194 2389 513 2444 tentiarumque
546 2389 774 2443 gravitate.
837 2389 950 2442 quod
984 2388 1091 2429 mihi
1125 2387 1296 2442 quidem
1329 2387 1504 2429 minime
1535 2402 1712 2441 novum,
1745 2387 1817 2441 qui
1850 2391 1893 2428 et

194 2462 236 2501 te
268 2473 440 2501 nossem
473 2462 516 2501 et
548 2462 720 2500 tuarum
754 2459 998 2500 litterarum
1037 2459 1089 2500 ad
1129 2473 1194 2500 me
1233 2458 1461 2500 missarum
1504 2459 1717 2512 promissa
1747 2458 1893 2499 memi-

194 2530 353 2572 nissem
392 2533 435 2571 et
472 2530 674 2572 haberem
714 2545 738 2571 a
770 2529 932 2571 Furnio
969 2532 1121 2571 nostro
1160 2532 1235 2571 tua
1273 2530 1445 2584 penitus
1485 2529 1666 2571 consilia
1707 2529 1894 2584 cognita,

194 2601 266 2643 sed
301 2601 466 2642 senatui
506 2601 671 2642 maiora
702 2600 793 2642 visa
825 2603 947 2655 sunt,
986 2615 1116 2655 quam
1147 2603 1270 2642 erant
1302 2603 1545 2655 expectata,
1585 2615 1671 2642 non
1704 2614 1787 2655 quo
1820 2615 1893 2641 un-

315 2733 344 2763 1.
373 2728 526 2764 constiti
554 2729 649 2772 HD,
682 2727 878 2763 constituti
905 2729 954 2763 M
978 2731 990 2772 Η
1021 2732 1052 2763 2.
1080 2739 1138 2763 me
1164 2729 1330 2763 moneret
1345 2728 1416 2772 M,
1452 2730 1620 2763 moneret
1644 2739 1701 2762 me
1728 2728 1785 2772 H,
1817 2739 1893 2762 mo-

195 2778 300 2812 neret
319 2777 357 2812 D
378 2781 561 2821 potestque
587 2787 644 2809 me
670 2788 701 2811 v.
727 2777 844 2811 careri
862 2778 874 2820 ΙΙ
894 2776 962 2810 hoc
982 2777 1037 2818 M,
1064 2776 1135 2809 huc
1156 2776 1246 2810 HD.
1272 2777 1318 2818 cf.
1340 2776 1579 2821 Enyelbrccht
1606 2776 1712 2810 ‘stud
1739 2776 1770 2810 T
1769 2775 1891 2810 erentv’

191 2836 229 2870 p.
252 2827 295 2858 70
326 2826 338 2869 ΙΙ
369 2823 527 2868 confert]
561 2825 604 2866 cf.
633 2824 822 2857 Lehmann
843 2835 880 2867 p.
903 2826 946 2857 88
961 2836 1009 2867 sq.
1041 2824 1052 2867 ΙΙ
1084 2822 1134 2856 mi
1167 2823 1227 2866 M,
1263 2835 1327 2858 om.
1361 2823 1442 2858 HD
1478 2824 1489 2867 ΙΙ
1527 2826 1558 2857 5.
1592 2822 1735 2866 aliquid
1771 2833 1895 2857 secum

197 2871 359 2906 adducet
384 2871 444 2914 M,
479 2869 525 2904 al.
554 2870 624 2904 hue
651 2870 735 2905 add.
763 2870 818 2913 D,
850 2869 896 2904 al.
925 2870 1010 2905 add.
1040 2870 1078 2903 II
1108 2871 1119 2913 ΙΙ
1151 2871 1188 2904 et
1213 2869 1244 2904 si
1270 2870 1348 2917 cet]
1381 2872 1426 2913 cf.
1455 2871 1500 2905 E.
1524 2870 1720 2915 Ιιίἰίιενῑίηῃ
1749 2871 1805 2905 ‘cle
1831 2871 1893 2916 leq.

197 2919 300 2954 Rom.
328 2918 359 2952 X
384 2919 486 2964 qenes
517 2919 615 2961 (diss.
644 2919 746 2961 Lips.
775 2919 939 2962 1885)1›.
961 2922 981 2951 4
1009 2919 1021 2962 ΙΙ
1051 2921 1080 2952 7.
1109 2918 1171 2952 alt.
1198 2928 1256 2952 me
1282 2928 1345 2952 om.
1375 2917 1430 2952 ΗΙ
1463 2919 1475 2962 ΙΙ
1508 2921 1560 2952 10.
1589 2928 1707 2961 neque
1734 2916 1798 2952 dil.
1827 2918 1864 2951 Η
1883 2918 1895 2956 Η

200 2970 252 3000 12.
289 2965 445 3000 caedam
478 2966 526 3000 M
557 2966 569 3009 ΙΙ
609 2968 661 2999 13.
692 2969 745 3000 14.
781 2964 961 3009 obsequia
998 2976 1042 3000 cx
1079 2964 1259 3009 opsequia
1289 2965 1349 2999 M¹
1387 2967 1399 3009 ss
1439 2968 1491 2999 15.
1528 2963 1794 3009 interpretibus
1826 2964 1895 3006 Hj

198 3013 318 3047 furnio
347 3013 442 3056 HD,
480 3012 592 3047 furtio
620 3013 667 3047 M
687 3014 699 3055 Η
726 3015 779 3047 19.
806 3011 912 3046 vobis
937 3024 1003 3047 om.
1036 3013 1068 3045 ΙΙ
1095 3013 1106 3056 ΙΙ
1133 3016 1187 3047 24.
1216 3011 1421 3056 amplectar
1448 3012 1487 3045 J!
1510 3013 1522 3056 ΙΙ
1547 3016 1602 3046 ⁶25.
1631 3012 1753 3046 adfert
1779 3011 1895 3055 M'D,

199 3059 346 3094 adferat
377 3061 501 3095 MCH.
546 3064 736 3104 utrumque
769 3061 900 3095 bonum
936 3061 948 3103 ΙΙ
985 3063 1039 3095 26.
1073 3061 1184 3104 putas
1216 3060 1297 3094 HD
1333 3062 1344 3104 ΙΙ
1380 3059 1578 3105 gratiores]
1611 3058 1802 3105 grauiores
1833 3061 1895 3100 Ψ,

200 3111 254 3141 32.
281 3108 491 3153 expectata]
519 3109 688 3152 spectata
720 3109 758 3140 Ψ
