2242 3496
704 141 1039 178 EPISTVLARVM
1066 144 1160 179 V'III.
1190 149 1242 180 15.
1271 149 1324 179 16.
1773 148 1858 188 209

170 249 248 289 tibi
283 263 405 290 carae
438 251 550 301 sunt,
584 249 618 289 si
651 249 813 304 aliquid
847 252 957 304 apud
992 256 1032 292 tc
1059 266 1150 306 nos,
1183 253 1218 293 si
1253 252 1317 294 vir
1350 252 1552 307 optimus,
1584 267 1714 307 gener
1747 258 1859 308 tuus,

170 318 377 374 valemus,
423 333 604 373 quorum
649 320 866 362 fortunam
909 337 994 362 non
1039 323 1166 363 debes
1210 323 1316 364 velle
1359 324 1629 377 conturbare,
1676 327 1724 365 ut
1766 340 1858 366 eam

169 403 359 442 causam,
398 389 439 429 in
479 389 632 442 quoius
667 390 848 432 victoria
880 391 994 433 salus
1027 396 1176 433 nostra
1208 397 1292 446 est,
1330 394 1468 435 odisse
1508 397 1582 436 aut
1620 395 1858 449 relinquere

169 474 374 515 cogamur
399 463 474 500 aut
500 459 661 514 inpiam
689 462 968 515 cupiditatem
997 467 1148 504 contra
1175 464 1358 505 salutem
1386 468 1504 506 tuam
1531 465 1766 506 habeamus
1790 482 1861 520 ᾖ;

133 531 348 585 5116111066
389 530 493 571 illud
532 530 692 585 cogita:
739 533 851 585 quod
891 535 1076 574 offensae
1115 535 1246 575 suerit
1285 535 1327 576 in
1366 536 1450 577 ista
1490 537 1780 591 cunctatione,
1819 540 1861 578 te

117 898 151 921 10

119 1250 152 1275 15

120 1607 154 1632 :30

122 1962 155 1987 25

169 602 354 656 subisse3
397 616 510 643 nunc
555 604 596 642 te
639 605 790 643 contra
833 604 1038 645 victorem
1081 606 1306 647 Caesarem
1350 606 1507 661 facere,
1552 622 1677 662 quem
1719 607 1861 649 dubiis

170 673 296 715 rebus
329 673 495 714 laedere
529 672 721 725 noluisti,
759 675 803 714 et
835 674 885 713 ad
919 689 991 715 eos
1025 675 1198 729 fugatos
1232 677 1442 730 accedere,
1480 692 1586 732 quos
1621 678 1862 719 resistentis

170 744 290 798 sequi
333 744 541 797 nolueris,
586 758 779 785 summae
825 745 1039 786 stultitiae
1085 749 1162 787 est.
1230 747 1341 801 vide,
1386 764 1457 803 ne,
1501 749 1601 789 dum
1645 750 1776 803 pudet
1821 753 1862 791 te

169 829 322 870 parum
354 815 611 869 optimatem
644 829 748 868 esse,
779 829 932 868 parum
964 815 1207 871 diligenter,
1240 818 1340 870 quid
1374 819 1587 872 optimum
1615 820 1683 871 sit,
1715 820 1863 875 eligas.

171 886 283 940 quod
317 886 353 926 si
386 889 529 927 totum
562 885 644 927 tibi
674 885 930 940 persuadere
961 900 1048 927 non
1081 900 1275 942 possum,
1314 888 1483 941 saltem,
1521 890 1639 941 dum,
1679 891 1779 944 quid
1812 890 1862 932 de

170 955 393 1011 Hispaniis
426 971 617 1012 agamus,
656 956 803 1011 scitur,
842 959 1059 1010 exspecta3
1106 971 1212 1010 quas
1249 957 1329 998 tibi
1362 960 1512 1000 nuntio
1546 960 1732 1001 adventu
1765 960 1865 1003 Cae-

171 1027 278 1068 saris
327 1026 419 1068 fore
462 1030 645 1069 nostras.
721 1042 850 1081 quam
899 1028 974 1069 isti
1019 1042 1138 1082 spem
1182 1028 1370 1069 habeant
1415 1030 1584 1071 amissis
1630 1031 1865 1087 Hispaniis,

169 1097 333 1153 nesci03
365 1099 479 1153 quod
504 1112 633 1152 porro
662 1101 786 1139 tuum
818 1099 1047 1140 consilium
1081 1099 1138 1139 sit
1171 1099 1223 1139 ad
1255 1099 1503 1153 desperatos
1536 1103 1744 1154 accedere,
1779 1118 1866 1144 non

170 1169 335 1210 medius
367 1168 493 1210 fidius
527 1169 705 1224 reperio.
767 1169 868 1224 hoc,
906 1170 1019 1224 quod
1051 1172 1099 1210 tu
1130 1183 1217 1210 non
1250 1169 1426 1211 dicendo
1460 1171 1563 1212 mihi
1597 1172 1864 1228 significasti,

172 1239 331 1282 Caesar
363 1240 558 1281 audierat
590 1255 655 1293 ac,
693 1241 952 1295 simulatque
987 1239 1138 1282 ‘have'
1170 1240 1277 1282 mihi
1309 1240 1436 1295 dixit,
1476 1243 1642 1297 statim,
1682 1245 1783 1298 quid
1816 1245 1865 1285 de

171 1313 214 1352 te
247 1311 456 1364 audisset,
495 1312 712 1366 exposuit:
754 1311 910 1366 negavi
942 1326 1008 1352 me
1043 1312 1170 1366 scire,
1210 1312 1283 1353 sed
1315 1315 1460 1353 tamen
1492 1314 1544 1354 ab
1578 1329 1626 1355 eo
1658 1315 1780 1368 petii,
1818 1319 1868 1356 ut

172 1381 225 1423 ad
257 1385 300 1423 te
332 1381 502 1423 litteras
536 1383 744 1438 mitteret,
780 1383 934 1436 quibus
969 1383 1152 1424 maxime
1186 1383 1238 1424 ad
1272 1384 1576 1425 remanendum
1609 1387 1867 1427 commoveri

171 1467 333 1507 posses.
395 1468 462 1494 me
496 1468 641 1495 secum
674 1454 718 1495 in
749 1452 1008 1508 Hispaniam
1040 1453 1175 1508 ducit,
1219 1468 1337 1508 nam,
1368 1454 1453 1495 nisi
1486 1455 1548 1495 ita
1578 1455 1755 1511 faceret,
1787 1471 1867 1511 ego

172 1523 310 1578 prius,
349 1538 478 1579 quam
510 1525 562 1566 ad
595 1525 747 1566 urbem
780 1525 1044 1579 accederem,
1082 1525 1340 1579 ubicumque
1374 1539 1507 1580 esses,
1543 1527 1593 1567 ad
1628 1529 1669 1568 te
1701 1543 1870 1582 percur-

173 1594 326 1636 rissem
364 1598 407 1636 et
444 1595 526 1637 hoc
559 1610 584 1636 a
615 1598 658 1637 te
696 1610 898 1650 praesens
939 1596 1256 1637 contendissem
1295 1598 1424 1650 atque
1464 1597 1579 1637 omni
1621 1598 1661 1638 vi
1698 1601 1741 1640 te
1773 1599 1871 1640 reti-

172 1665 374 1707 nuissem.
437 1666 567 1707 etiam
601 1670 730 1721 atque
763 1667 913 1721 etiam,
952 1665 1121 1719 Cicero,
1155 1666 1318 1722 cogita,
1355 1682 1407 1708 116
1440 1669 1483 1708 te
1516 1670 1698 1722 tuosque
1732 1670 1871 1710 omnis

173 1736 367 1778 funditus
401 1740 580 1791 evertas,
612 1752 665 1779 ne
691 1740 734 1779 te
761 1738 901 1779 sciens
933 1738 1206 1792 prudensque
1238 1752 1287 1778 eo
1321 1738 1536 1790 demittas,
1567 1739 1677 1780 unde
1710 1740 1873 1781 exitum

174 1807 292 1849 vides
329 1807 497 1849 nullum
537 1822 640 1849 esse.
704 1808 817 1862 quod
857 1808 892 1849 si
925 1811 967 1849 te
1007 1811 1082 1849 aut
1120 1823 1246 1849 voces
1286 1809 1564 1862 optimatium
1603 1814 1874 1852 commovent

175 1881 250 1920 aut
292 1879 599 1920 nonnullorum
643 1879 867 1920 hominum
911 1879 1189 1920 insolentiam
1232 1882 1275 1920 et
1311 1879 1591 1921 iactationem
1636 1880 1746 1922 ferre
1788 1896 1873 1922 non

174 1952 317 2004 potes,
362 1950 497 2005 eligas
536 1965 688 1992 censeo
727 1949 901 2005 aliquod
941 1950 1145 2005 oppidum
1185 1965 1367 1991 vacuum
1399 1965 1423 1991 a
1454 1951 1588 2005 bello,
1632 1951 1732 1992 dum
1769 1952 1874 1993 haec

175 2020 477 2075 decernuntur,
511 2036 620 2076 quae
651 2021 739 2062 iam
771 2024 897 2063 erunt
929 2021 1134 2063 confecta.
1198 2021 1241 2061 id
1273 2021 1310 2061 si
1342 2020 1514 2075 feceris,
1547 2024 1590 2063 et
1622 2036 1702 2076 ego
1735 2025 1778 2064 te
1812 2038 1874 2064 sa-

174 2092 344 2146 pienter
375 2091 529 2134 fecisse
560 2092 760 2134 iudicabo
793 2095 837 2134 et
869 2091 1097 2135 Caesarem
1129 2106 1217 2133 non
1249 2091 1448 2133 offendes.

294 2247 326 2278 2.
359 2242 528 2279 ualemus
559 2245 614 2288 A,
651 2243 754 2279 ualet
784 2245 838 2280 M.
883 2245 928 2288 cf.
963 2245 1098 2279 Becher
1124 2255 1161 2287 p.
1189 2246 1234 2276 23
1271 2245 1282 2286 ΙΙ
1319 2253 1475 2287 quorum
1507 2243 1604 2287 AM,
1644 2255 1770 2280 corum
1808 2248 1875 2281 alii

177 2292 266 2335 (mm
283 2292 334 2336 A)
355 2293 366 2336 ΙΙ
385 2294 418 2327 3.
445 2291 548 2326 cuius
568 2292 604 2327 A
623 2294 634 2333 ΙΙ
654 2291 777 2327 odisse
802 2304 846 2327 eoe
872 2291 998 2326 odiose
1024 2291 1059 2326 A
1072 2292 1084 2309 ²
1103 2293 1114 2332 ΙΙ
1135 2293 1165 2325 5.
1193 2289 1330 2324 fuerint
1349 2290 1384 2325 A
1404 2293 1414 2334 ΙΙ
1434 2294 1465 2324 6.
1494 2290 1690 2326 Caesarem
1714 2304 1779 2328 om.
1803 2294 1849 2327 M
1865 2295 1875 2335 'l

176 2349 286 2383 quem
306 2338 352 2382 A,
380 2350 493 2383 quam
518 2339 565 2373 M
579 2340 591 2384 ΙΙ
613 2343 641 2374 7.
670 2350 761 2384 quos
782 2340 858 2383 A2,
895 2339 995 2383 quod
1014 2338 1124 2373 A¹M
1138 2339 1148 2381 ΙΙ
1169 2341 1199 2371 9.
1228 2336 1448 2382 optimatem
1474 2338 1522 2381 A,
1548 2338 1596 2372 ad
1617 2339 1775 2384 optatim
1802 2340 1851 2374 M

177 2385 303 2431 elegas
329 2367 403 2430 Ml!
424 2390 478 2421 10.
506 2386 600 2421 salte
626 2387 675 2421 M
695 2388 707 2431 ΙΙ
735 2391 786 2421 11.
814 2369 983 2431 hispanis
1010 2384 1095 2420 AM
1109 2386 1121 2429 ΙΙ
1140 2384 1344 2418 aduentum
1370 2384 1405 2418 A
1436 2386 1448 2428 ΙΙ
1481 2366 1534 2419 11'.
1558 2388 1611 2419 12.
1641 2386 1801 2421 caesaris
1828 2388 1874 2430 A,

178 2443 273 2486 caes.
293 2434 374 2478 (sic)
395 2433 444 2468 M
457 2435 468 2478 ΙΙ
489 2437 542 2468 12.
570 2433 753 2479 hispaniis
780 2433 838 2468 A2
883 2433 958 2467 -1111
984 2433 1042 2476 M,
1071 2431 1148 2465 -nis
1176 2431 1228 2465 A¹
1248 2433 1259 2476 ΙΙ
1281 2434 1334 2466 13.
1362 2431 1451 2475 quid
1472 2432 1507 2465 A
1525 2434 1537 2475 ΙΙ
1558 2435 1612 2467 14
1639 2433 1731 2467 mihi
1758 2434 1874 2478 MA2,

177 2479 251 2514 nisi
275 2480 329 2515 Al
349 2482 360 2525 {l
382 2485 434 2516 15.
463 2491 506 2515 ac
532 2481 585 2525 A,
605 2480 676 2515 hac
704 2481 751 2515 M
771 2482 782 2525 Η
807 2480 904 2515 habe
930 2481 965 2514 A
984 2481 994 2523 ΙΙ
1023 2483 1076 2514 16.
1103 2477 1257 2523 negauit
1282 2478 1330 2512 M
1351 2480 1362 2523 ΙΙ
1388 2478 1452 2513 sed
1477 2490 1542 2514 om
1570 2480 1605 2513 A
1631 2481 1642 2524 ΙΙ
1666 2480 1785 2549 petilui
1811 2481 1845 2515 A
1864 2482 1876 2526 ll

179 2530 233 2562 19.
273 2537 354 2562 esse
386 2527 435 2561 M
472 2529 507 2570 ΙΙ
527 2539 550 2562 a
577 2510 618 2562 ⁷te
651 2528 704 2563 Α1
747 2530 758 2572 ΙΙ
805 2531 857 2562 19.
885 2531 939 2562 2ο.
971 2525 1234 2580 pelcurrissem
1266 2526 1326 2568 M,
1359 2525 1663 2569 peruicurrissem
1693 2527 1745 2562 A¹
1795 2539 1874 2572 per-

179 2574 423 2609 cucurrissem
442 2575 500 2609 A‘2
510 2603 518 2619 ‚
544 2576 628 2617 fort.
655 2576 837 2619 66161120.
861 2578 915 2609 21
942 2573 980 2608 111
1006 2575 1043 2608 te
1069 2571 1305 2607 retinuissem
1331 2573 1406 2615 ΑΞ,
1433 2572 1534 2607 uitae
1559 2557 1795 2608 retinuissem
1821 2575 1876 2618 Μ,

178 2622 326 2657 utteret.
358 2621 540 2656 Inuissem
571 2622 625 2657 A¹
668 2624 680 2667 n
722 2626 777 2656 21.
810 2622 847 2656 te
882 2633 926 2656 ew
957 2631 1002 2655 ne
1034 2621 1093 2655 A2'
1136 2622 1146 2664 ΙΙ
1190 2623 1324 2654 22116
1356 2619 1479 2663 AlM,
1515 2630 1582 2654 nec
1613 2621 1672 2654 A
1708 2623 1720 2666 ΙΙ
1757 2621 1876 2656 8616118

176 2668 429 2722 prudensque]
467 2670 512 2711 cf.
552 2669 632 2704 Otto
674 2669 952 2713 ‘Sinehwo'v-ter
977 2669 1010 2702 cl.
1038 2667 1188 2702 Rdmer’
1226 2678 1265 2711 p.
1287 2670 1354 2699 312
1399 2667 1410 2710 ΙΙ
1454 2648 1629 2701 demittas
1661 2668 1774 2714 unde]
1815 2669 1876 2703 de-

177 2714 371 2750 mittasum
398 2715 443 2751 de
469 2716 524 2760 M,
551 2715 719 2750 dimittas
746 2715 843 2749 unde
870 2715 915 2758 de
942 2717 1034 2758 (eaep
1056 2726 1099 2749 m.
1123 2715 1157 2757 1)
1177 2713 1212 2748 A
1239 2714 1251 2758 {l
1279 2716 1333 2747 24.
1362 2712 1564 2747 iactatione
1584 2714 1633 2748 M
1647 2716 1658 2759 Η
1678 2719 1722 2749 25
1727 2717 1878 2760 ,potest

178 2762 304 2808 elegas
336 2763 385 2797 M
415 2765 427 2807 ΙΙ
465 2767 519 2798 26
553 2774 648 2806 quae
681 2762 756 2796 iam
792 2763 899 2796 erunt
930 2761 1101 2795 confecta
1132 2760 1171 2793 id
1204 2759 1236 2794 si
1267 2760 1398 2794 feceris
1431 2761 1482 2804 A,
1521 2771 1616 2804 quae
1654 2763 1731 2796 tam
1770 2765 1878 2797 erunt

179 2809 380 2845 confeceris
406 2811 455 2844 M

253 3158 315 3185 010.
335 3168 380 3191 ep.
399 3160 445 3186 ed.
465 3161 741 3186 Mendclssohn.
1550 3155 1592 3185 14

1899 1682 1917 1710 (J.
