2242 3496
652 186 851 221 E‘lls'rvl
856 186 990 221 ARVM
1022 187 1078 221 XI
1106 190 1243 222 2115,
1272 190 1326 221 236
1355 189 1409 221 27.
1796 184 1881 225 299

863 343 1020 386 XXVI.
1066 341 1204 400 (412.)

590 450 639 491 1).
673 449 905 492 BRVTVS
940 449 979 491 s
1013 449 1065 491 D.
1097 449 1154 492 M.
1187 448 1479 492 CICERONI.

295 557 486 599 Maximo
520 572 614 599 meo
641 557 788 599 dolore
820 557 902 599 1166
930 557 1092 599 solacio
1118 560 1230 611 utor,
1257 558 1371 612 quod
1398 557 1658 612 intellegunt
1682 555 1882 598 homiues

177 644 265 671 non
297 629 388 670 sine
421 644 550 671 causa
576 643 643 670 me
670 629 865 670 timuisse
892 628 988 682 ista,
1015 643 1123 683 quae
1150 628 1410 670 acciderunt.
1456 628 1707 683 deliberent,
1734 629 1880 668 utrum

144 700 385 742 straiciant
422 700 616 756 legiones
655 714 707 740 ex
738 699 888 740 Africa
924 713 1057 741 necne
1096 702 1139 740 et
1177 713 1228 740 ex
1261 697 1478 753 Sardinia,
1516 703 1560 741 et
1591 699 1776 741 Brutum
1818 712 1884 740 ac-

179 774 351 814 cersant
382 785 533 825 1166116,
572 774 614 811 et
647 770 753 812 mihi
785 770 1049 825 stipendium
1081 770 1182 811 dent
1215 785 1268 811 an
1310 770 1559 812 decernant:
1599 770 1651 811 ad
1684 771 1882 810 senatum

177 842 347 884 litteras
379 841 492 883 misi.
556 841 678 883 crede
711 840 830 895 mihi,
861 841 945 883 nisi
979 841 1065 882 ista
1098 840 1242 882 omnia
1273 840 1335 882 ita
1366 841 1489 895 fiunt,
1522 840 1883 896 quemadmodum

177 912 340 966 scribo,
378 926 586 968 magnum
629 926 710 954 nos
750 911 890 953 omnis
936 911 1129 953 adituros
1167 911 1421 966 periculum.
1482 926 1590 967 rogo
1629 915 1691 967 te,
1730 911 1884 966 videte,

176 982 333 1038 quibus
365 981 616 1025 hominibus
647 982 874 1038 negotium
906 983 1031 1036 detiS,
1059 982 1132 1037 qui
1165 983 1218 1024 ad
1250 998 1316 1024 me
1349 983 1542 1038 legiones
1576 983 1807 1025 adducant:
1841 985 1884 1024 et

123 1071 156 1097 10
175 1053 257 1097 fide
290 1068 397 1110 opus
430 1056 498 1096 est
530 1057 573 1096 et
605 1054 840 1097 celeritate.
903 1066 954 1095 111
987 1053 1100 1096 Non.
1133 1053 1225 1095 Iun.
1259 1068 1309 1095 ex
1342 1054 1509 1096 castris.

843 1195 1025 1239 XXVII.
1070 1194 1208 1253 (338.)

727 1302 783 1345 M.
818 1301 1032 1346 CICERO
1066 1302 1249 1346 MATIO
1285 1303 1326 1346 S.

290 1411 497 1454 Nondum
530 1411 636 1453 satis
680 1411 905 1466 constitui,
937 1411 1217 1454 molestiaene
1255 1412 1352 1466 plus
1392 1427 1446 1454 an
1485 1412 1725 1468 voluptatis
1765 1415 1875 1454 attu-

172 1483 275 1526 lerit
307 1483 415 1526 mihi
440 1483 671 1525 Trebatius
704 1485 865 1537 noster,
890 1482 1020 1525 homo
1053 1498 1149 1525 cum
1174 1483 1327 1538 plenus
1355 1483 1501 1538 officii,
1526 1486 1620 1525 tum
1651 1484 1876 1539 utriusque

122 1571 153 1596 15
173 1557 372 1597 nostrum
404 1554 747 1596 amantissimus:
779 1569 892 1608 nam,
925 1568 1023 1595 cum
1054 1554 1100 1595 in
1126 1553 1416 1596 Tusculanum
1448 1555 1617 1609 vesperi
1649 1554 1876 1610 venissem,

174 1625 382 1681 postridie
415 1625 488 1667 ille
521 1625 574 1667 ad
607 1640 694 1680 me,
726 1625 916 1667 nondum
949 1624 1056 1667 satis
1087 1625 1213 1666 firmo
1247 1639 1423 1679 corpore
1456 1640 1553 1667 cum
1586 1629 1719 1682 esset,
1751 1641 1875 1668 mane

173 1697 309 1751 venit3
342 1711 468 1752 quem
502 1711 599 1738 cum
631 1696 920 1752 obiurgarem,
947 1696 1062 1751 quod
1092 1710 1247 1750 parum
1277 1696 1516 1737 valetudini
1547 1700 1755 1752 parceret,
1781 1700 1875 1739 tum

174 1768 261 1822 ille,
291 1767 402 1809 nihil
434 1766 519 1808 sibi
550 1767 724 1823 longius
756 1766 908 1821 fuisse,
940 1781 1070 1821 quam
1103 1769 1152 1808 ut
1182 1781 1250 1808 me
1281 1766 1459 1819 videret.
1521 1767 1876 1823 enumquidnam',

172 1839 368 1894 inquam,
400 1836 573 1880 ‘novi?'
605 1837 763 1880 detulit
795 1838 847 1880 ad
878 1852 946 1879 me
980 1837 1200 1892 querelam
1231 1840 1366 1893 tuam,
1398 1838 1448 1880 de
1482 1852 1566 1893 qua
1596 1838 1717 1893 prius
1746 1853 1875 1894 quam

118 1927 153 1952 20
172 1909 423 1964 respondeo,
453 1923 591 1964 pauca
620 1923 874 1964 proponam.
930 1910 1140 1963 quantum
1171 1909 1382 1951 memoria
1413 1912 1607 1965 repetere
1638 1910 1875 1965 praeterita
1905 1945 1921 1954 1

169 1994 367 2036 possum,
403 1994 531 2022 nemo
569 1983 636 2022 est
673 1980 782 2022 mihi
819 1984 862 2022 te
901 1980 1064 2022 amicus
1102 1979 1340 2036 antiquior3
1384 1981 1458 2023 sed
1501 1983 1698 2023 vetustas
1742 1981 1876 2023 habet

289 2112 320 2144 3.
347 2107 443 2155 <in>
467 2107 630 2143 maximo
655 2109 735 2152 alii,
760 2120 930 2155 aegreque
955 2110 988 2144 h.
1015 2110 1157 2154 quidem
1178 2110 1199 2145 l.
1215 2110 1488 2154 praepositione
1512 2121 1674 2145 caremus
1693 2111 1704 2155 11
1724 2114 1756 2146 4.
1784 2109 1874 2145 deli-

169 2156 319 2201 berant,
349 2155 485 2191 beraut
508 2157 550 2191 in
573 2168 664 2200 ras,
690 2157 735 2191 H
761 2158 773 2201 ΙΙ
805 2159 835 2191 5.
863 2158 901 2191 et
926 2167 971 2191 ex
997 2156 1171 2192 Sardinia
1196 2158 1234 2192 et
1258 2157 1430 2203 Brutum]
1465 2158 1551 2193 latet
1581 2159 1805 2202 corruptela,
1835 2162 1877 2193 ut

169 2205 330 2240 videtur:
355 2215 441 2239 nam
464 2214 529 2239 nec
553 2204 741 2240 collocatio
770 2205 958 2240 verborum
977 2205 1100 2249 placet
1123 2215 1187 2240 nec
1211 2206 1357 2241 omnino
1383 2205 1416 2239 ei
1439 2205 1582 2240 insulae
1606 2205 1665 2240 hic
1693 2209 1743 2240 est
1768 2206 1875 2241 locus.

164 2255 282 2297 potest
305 2252 423 2287 maior
447 2262 518 2286 esse
542 2252 748 2296 corruptela
773 2263 845 2297 qua
871 2252 1063 2287 obscurata
1087 2253 1162 2287 sint
1186 2253 1345 2288 aliorum
1363 2253 1508 2295 dueum,
1533 2252 1671 2295 Asinii,
1700 2252 1875 2295 Caesaris,

173 2299 290 2334 Cassii
313 2300 465 2335 nomina
490 2299 550 2343 (cf.
578 2298 743 2344 Lanye‘
747 2311 775 2334 r.
804 2299 974 2334 Alterthfi
1001 2298 1076 2333 1Πῖ
1100 2311 1134 2343 p.
1157 2302 1223 2334 541
1237 2301 1319 2344 sqq)
1342 2303 1461 2354 potest
1484 2301 1597 2335 zazius
1623 2281 1676 2333 M'.
1698 2300 1813 2335 Bruti
1834 2301 1876 2335 in

170 2346 392 2382 Macedonia
417 2351 493 2381 tum
518 2347 771 2382 commorantis
797 2347 905 2381 latere
929 2347 1102 2381 memoria
1128 2348 1198 2391 ita,
1229 2352 1270 2382 ut
1295 2347 1453 2393 reqionis
1478 2348 1636 2382 alicuius
1666 2348 1874 2391 septentrio-

170 2394 268 2429 nalis
291 2404 419 2428 nomen
443 2394 485 2427 iu
512 2392 685 2427 Sardinia
711 2394 749 2427 et
772 2394 872 2428 insit.
900 2394 938 2428 et
962 2404 1006 2428 ex
1031 2375 1254 2429 Macedoiiia
1277 2394 1434 2429 Brutum
1458 2395 1573 2430 voluit
1598 2393 1731 2429 Stroth.
1768 2395 1806 2428 et
1831 2405 1875 2428 ex

171 2439 411 2481 Sardinia**;
438 2441 476 2474 et
500 2439 656 2475 Brutum
681 2440 821 2476 Schutz.
859 2452 987 2476 sanam
1012 2445 1132 2476 tamen
1157 2443 1256 2477 omni
1275 2453 1319 2477 ea:
1334 2445 1441 2486 parte
1460 2442 1637 2476 traditam
1654 2443 1876 2486 scripturam

166 2492 277 2531 putat
298 2487 338 2523 Ο.
360 2487 407 2522 Ε.
428 2487 597 2522 Schmidt.
635 2489 680 2531 cf.
701 2499 788 2522 ann.
804 2488 895 2533 phil.
918 2492 1007 2523 1891
1030 2500 1068 2533 p.
1085 2492 1154 2523 344
1179 2490 1191 2533 ΙΙ
1216 2492 1248 2524 5.
1269 2492 1300 2524 6.
1323 2490 1517 2524 accersant
1538 2491 1585 2532 Ψ,
1613 2490 1805 2523 arcessant
1823 2500 1845 2526 ς
1865 2490 1876 2534 Η

171 2539 202 2569 6.
230 2534 320 2569 dent
345 2546 395 2569 an
420 2534 638 2580 decernant]
664 2536 750 2570 haec
774 2547 910 2580 quoque
935 2536 1067 2571 dubia:
1092 2537 1156 2571 vim
1181 2538 1277 2572 enim
1301 2547 1382 2572 cum
1410 2536 1448 2571 O.
1471 2536 1518 2571 E.
1539 2536 1734 2572 Schmidtio
1760 2537 1874 2572 credi-

169 2583 286 2617 derim
311 2581 402 2616 dent
424 2594 457 2617 v.
483 2583 709 2625 referendum
734 2594 804 2618 esse
829 2583 878 2617 acl
898 2584 1094 2627 pecuniam
1120 2595 1211 2628 quae
1236 2589 1313 2619 tum
1337 2588 1423 2619 esset
1448 2584 1490 2618 in
1514 2585 1660 2618 aerario
1687 2584 1747 2627 (cf.
1777 2583 1873 2619 Caes.

171 2630 203 2665 b.
224 2641 252 2665 6.
279 2628 306 2673 Ι,
327 2632 359 2673 6,
381 2632 418 2664 3;
447 2628 622 2673 ‘pecunia
646 2629 701 2664 uti
728 2642 771 2664 cx
798 2630 941 2664 aerario
966 2630 1144 2675 Pompeio
1171 2631 1328 2676 detur'),
1355 2631 1558 2666 decernant
1582 2643 1613 2666 v.
1639 2631 1688 2666 acl
1713 2642 1791 2665 eam
1810 2643 1874 2676 pe-

169 2677 319 2713 cwniam
343 2688 435 2722 quae
460 2677 595 2712 tributo
615 2682 699 2712 esset
719 2679 878 2723 cogenda
896 2679 955 2722 (cf.
977 2677 1054 2721 XII,
1076 2681 1131 2722 30,
1153 2682 1191 2722 43
1221 2678 1293 2714 Cic.
1314 2679 1363 2714 ad
1382 2679 1492 2714 Brut.
1511 2678 1539 2722 Ι,
1561 2682 1616 2722 18,
1637 2680 1684 2722 5).
1711 2682 1874 2722 expecta-

170 2729 232 2760 tur
252 2725 381 2769 potius'
407 2725 585 2769 oppositio
618 2736 690 2769 qua
720 2725 942 2769 stipendium
973 2726 1119 2760 dicatur
1150 2729 1215 2760 aut
1247 2726 1390 2762 decerni
1420 2729 1486 2760 aut
1515 2737 1591 2760 non
1621 2726 1774 2760 decerni.
1812 2738 1876 2761 nec

170 2776 291 2807 tamen
315 2783 397 2808 cum
422 2782 443 2809 ς
468 2772 673 2816 scripserim
700 2771 789 2806 dent
815 2783 862 2806 an
887 2771 1017 2818 <non>
1045 2771 1258 2817 decernant,
1283 2774 1345 2808 secl
1371 2773 1557 2817 denegent
1582 2774 1622 2807 in
1649 2772 1739 2806 dent
1767 2773 1876 2807 latere

165 2820 384 2864 putaverim.
423 2823 594 2853 errarunt
619 2822 710 2854 certe
738 2818 773 2854 G.
798 2819 844 2854 F.
866 2819 1059 2854 Hermann
1083 2819 1236 2864 (Philol.
1265 2820 1296 2854 X
1316 2832 1355 2865 p.
1377 2821 1460 2865 239)
1492 2819 1645 2854 demant
1676 2830 1725 2853 an
1751 2819 1874 2854 decer-

170 2867 263 2900 nant
287 2870 320 2901 et
346 2865 478 2901 Klotz²
505 2865 595 2900 dent
620 2877 669 2900 an
688 2865 841 2907 demant
864 2867 1072 2901 scribentes:
1105 2877 1180 2902 non
1205 2869 1300 2902 enim
1329 2868 1370 2902 id
1399 2867 1575 2912 aqebatur
1605 2871 1647 2901 ut
1677 2868 1876 2903 demeretur

170 2914 390 2958 stipendium
415 2913 552 2956 Bruto,
584 2915 647 2958 qui
671 2914 833 2948 nondum
859 2915 1050 2958 quicquam
1075 2919 1277 2959 acceperat,
1300 2915 1361 2950 secl
1385 2918 1509 2949 utrum
1534 2915 1575 2949 in
1605 2915 1754 2949 summis
1785 2927 1876 2960 quae

170 2964 248 2995 tum
278 2965 382 2996 erant
407 2962 586 3006 pecwniae
612 2961 782 3005 publicae
813 2962 996 3005 anqustiis
1026 2962 1168 2996 decerni
1200 2967 1321 3007 posset
1351 2973 1469 2997 necne.
1513 2966 1666 2996 ceterum
1699 2961 1876 3007 ‘pecunia

172 3007 455 3052 expeditissima
481 3018 576 3052 quae
603 3009 699 3049 erat,
732 3007 805 3042 tibi
830 3007 981 3042 decreta
1006 3008 1097 3043 est'·
1130 3021 1182 3054 ep.
1204 3013 1260 3054 24,
1281 3013 1301 3043 2
1329 3011 1377 3053 (a.
1398 3010 1432 3044 (l.
1458 3020 1523 3042 vm
1549 3009 1605 3044 Id.
1634 3009 1724 3044 Iun.
1751 3010 1800 3044 ad
1824 3009 1873 3044 D.

172 3054 332 3090 Brutwm
356 3056 460 3101 data)
480 3057 492 3098 ΙΙ
512 3059 542 3091 7.
570 3055 663 3089 fiunt
690 3056 744 3099 M,
769 3055 864 3089 fiant
887 3055 967 3089 HI)
984 3058 996 3098 ΙΙ
1017 3058 1070 3090 12.
1096 3057 1180 3091 huic
1205 3057 1380 3102 epistulae
1404 3068 1428 3091 a
1452 3055 1524 3099 M¹‚
1549 3060 1592 3091 ut
1614 3057 1707 3100 vicl„
1730 3056 1761 3090 B
1786 3061 1874 3092 nota

174 3101 360 3147 adscripta
385 3107 447 3146 est,
472 3103 647 3147 epistulae
672 3106 716 3136 28
736 3084 769 3136 'A
797 3104 808 3147 ΙΙ
840 3106 893 3137 18.
921 3102 1205 3148 numquidnam]
1238 3105 1283 3145 cf.
1313 3104 1515 3149 Landyraf
1533 3104 1582 3138 acl
1609 3103 1680 3138 016.
1702 3116 1740 3149 p.
1767 3104 1842 3139 Ros
1831 3116 1873 3139 ·.e

174 3147 256 3184 Am.
279 3160 316 3194 p.
339 3152 406 3183 328
426 3152 438 3195 ΙΙ
457 3153 513 3186 21.
540 3149 631 3184 mihi
658 3151 694 3184 te
721 3149 862 3184 amicus
884 3150 938 3195 M,
965 3149 1057 3184 mihi
1083 3150 1224 3186 amicus
1250 3153 1287 3186 te
1308 3151 1359 3196 H,
1386 3153 1423 3186 te
1448 3150 1542 3186 mihi
1568 3150 1709 3186 amicus
1735 3152 1774 3186 D
