2242 3496
397 120 480 159 224
988 115 1035 147 Μ.
1062 112 1201 146 TVLLI
1228 110 1477 146 CICERONIS

397 240 496 279 rem,
529 227 577 264 ut
610 224 785 263 mirarer
817 222 956 261 locum
989 219 1121 259 fuisse
1155 218 1339 273 augendi
1370 218 1415 259 in
1448 232 1514 271 eo,
1547 219 1661 272 quod
1693 219 1799 260 mihi
1830 219 2084 274 iampridem

397 296 659 337 cumulatum
693 293 821 333 etiam
860 290 1097 330 videbatur.
1160 289 1255 342 quis
1294 291 1404 340 erat,
1447 288 1519 342 qui
1556 292 1729 343 putaret
1760 291 1812 331 ad
1844 305 1941 331 eum
1973 305 2086 332 amo-

397 380 507 418 rem,
561 378 685 418 quem
730 376 832 415 erga
876 363 917 400 te
961 360 1196 413 habebam,
1246 373 1372 413 posse
1417 359 1579 412 aliquid
1624 360 1853 402 accedere?
1916 363 2086 402 tantum

361 448 368 474 3
397 435 586 485 accessit,
619 436 666 473 ut
698 431 803 472 mihi
835 444 949 470 nunc
975 429 1156 483 denique
1183 444 1326 470 amare
1354 429 1509 484 videar,
1542 432 1668 471 antea
1694 430 1905 472 dilexisse.
1957 446 2087 485 quare

396 505 495 558 quid
529 507 604 555 est,
638 502 749 555 quod
783 515 862 555 ego
895 503 937 541 te
970 500 1130 554 horter,
1162 503 1210 540 ut
1242 500 1446 554 dignitati
1479 502 1521 540 et
1554 500 1716 555 gloriae
1750 501 1944 542 servias?
1992 516 2089 555 pro·
2125 519 2141 543 5

394 589 551 628 ponam
583 572 663 612 tibi
697 572 834 612 claros
868 571 994 624 viros,
1029 571 1142 625 quod
1174 571 1313 612 facere
1347 571 1508 625 solent,
1541 571 1615 625 qui
1647 571 1904 613 hortantur?
1953 573 2088 614 nemi-

394 660 490 685 nem
527 643 663 683 habeo
704 642 927 682 clariorem
968 656 1096 695 quam
1135 644 1177 682 te
1215 640 1376 697 ipsum,
1420 644 1462 682 te
1500 641 1668 683 imitere
1714 646 1903 697 oportet,
1947 646 2090 685 tecum

394 716 483 768 ipse
524 716 677 754 certes:
715 727 767 754 ne
806 713 907 753 licet
946 712 1119 766 quidem
1157 713 1239 753 tibi
1277 712 1363 753 iam
1401 713 1536 753 tantis
1574 714 1702 755 rebus
1741 714 1875 769 gestis
1908 729 1994 756 non
2024 715 2089 755 tui

395 784 579 825 similem
612 798 714 825 esse.
779 784 891 836 quod
924 798 1021 824 cum
1052 783 1115 824 ita
1147 783 1221 837 sit,
1258 784 1449 825 hortatio
1481 798 1568 825 non
1601 787 1666 825 est
1697 785 1958 838 necessaria,
1996 799 2091 840 gra-

394 855 604 895 tulatione
644 853 781 909 magis
820 854 1025 895 utendum
1065 857 1148 908 est3
1190 854 1374 910 contigit
1413 854 1526 895 enim
1559 854 1659 909 tibi,
1699 856 1812 909 quod
1849 856 1963 898 haud
2001 856 2144 898 861010

394 941 448 967 an
490 924 668 980 nemini,
719 927 767 965 ut
812 939 980 965 summa
1025 925 1230 966 severitas
1276 925 1658 967 animadversionis
1701 941 1786 968 non
1833 926 1960 968 modo
2003 941 2091 967 non

392 997 620 1050 invidiosa,
660 996 733 1037 sed
771 996 903 1036 etiam
942 996 1162 1055 popularis
1203 999 1316 1038 esset
1355 1000 1397 1037 et
1437 1012 1532 1039 cum
1570 997 1695 1038 bonis
1736 997 1953 1051 omnibus,
1997 999 2091 1038 tum

392 1068 539 1108 infimo
579 1067 730 1121 cuique
770 1066 1029 1121 gratissima.
1091 1067 1173 1108 1106
1207 1068 1243 1108 81
1276 1067 1357 1108 tibi
1389 1067 1563 1109 fortuna
1602 1069 1785 1122 quadam
1824 1067 2092 1124 contigisset,

393 1139 634 1194 gratularer
665 1137 865 1179 felicitati
897 1140 1015 1193 tuae,
1048 1138 1120 1179 sed
1154 1138 1340 1193 contigit
1373 1139 1669 1194 magnitudine
1697 1154 1794 1181 cum
1821 1139 1965 1192 animi,
1997 1141 2092 1180 tum

393 1210 523 1251 etiam
554 1209 716 1264 ingenii
751 1212 879 1263 atque
913 1209 1100 1263 consilii3
1142 1209 1229 1264 legi
1269 1210 1382 1250 enim
1421 1210 1668 1252 contionem
1701 1213 1838 1251 tuam:
1875 1209 1986 1251 nihil
2016 1208 2093 1250 illa
2113 1225 2146 1251 15

394 1281 649 1334 sapientius,
698 1280 760 1321 ita
802 1280 1116 1334 pedetemptim
1160 1283 1203 1321 et
1248 1281 1460 1336 gradatim
1506 1284 1600 1322 tum
1645 1295 1839 1323 accessus
1885 1295 1909 1321 a
1951 1282 1994 1321 te
2040 1280 2093 1321 ad

394 1367 566 1393 causam
598 1351 720 1405 facti,
759 1354 852 1392 tum
891 1365 1104 1406 recessus,
1140 1354 1189 1392 ut
1221 1367 1288 1393 res
1320 1352 1415 1405 ipsa
1446 1351 1746 1393 maturitatem
1784 1352 1866 1393 tibi
1905 1351 2093 1393 animad-

392 1423 586 1464 vertendi
619 1424 808 1464 omnium
839 1438 1045 1465 concessu
1071 1423 1203 1465 daret.
1257 1423 1455 1464 liberasti
1481 1423 1617 1478 igitur
1649 1426 1692 1464 et
1724 1424 1875 1464 urbem
1901 1423 2092 1477 periculo

388 1497 430 1535 et
470 1494 690 1536 civitatem
729 1498 866 1548 metu,
910 1509 1046 1549 neque
1093 1493 1232 1536 solum
1270 1495 1322 1535 ad
1362 1493 1533 1549 tempus
1577 1495 1810 1536 maximam
1854 1493 2092 1535 utilitatem

389 1566 593 1620 attulisti,
633 1566 706 1607 sed
744 1566 876 1607 etiam
915 1566 966 1606 ad
1006 1566 1269 1620 exemplum,
1311 1580 1394 1620 quo
1433 1566 1549 1607 facto
1587 1566 1841 1621 intellegere
1880 1566 2008 1607 debes
2047 1565 2094 1606 in
2113 1581 2146 1606 20

387 1634 663 1691 te'positam
708 1652 800 1678 esse
845 1652 935 1678 rem
980 1652 1018 1691 p.
1064 1636 1230 1691 tibique
1280 1651 1367 1678 non
1411 1637 1538 1678 modo
1590 1637 1794 1692 tuendos,
1843 1636 1915 1678 sed
1961 1636 2092 1677 etiam

389 1709 603 1749 ornandos
637 1722 728 1750 esse
760 1708 859 1749 illos
886 1708 1013 1761 viros,
1046 1723 1070 1749 a
1103 1707 1258 1763 quibus
1291 1707 1464 1749 initium
1492 1708 1709 1750 libertatis
1736 1707 1981 1762 profectum
2015 1709 2091 1748 est.

389 1780 462 1820 sed
500 1778 568 1820 his
608 1780 657 1820 de
696 1779 823 1820 rebus
863 1794 1008 1820 coram
1047 1779 1171 1833 plura
1212 1779 1477 1833 propediem,
1522 1782 1571 1819 ut
1610 1794 1755 1833 spero:
1800 1782 1847 1820 tu
1887 1779 2092 1833 quoniam

388 1864 478 1891 rem
510 1865 549 1904 p.
582 1864 744 1903 nosque
777 1864 1017 1905 conservas,
1049 1850 1129 1904 fac,
1161 1853 1209 1890 ut
1242 1850 1574 1905 diligentissime
1608 1853 1650 1891 te
1683 1850 1838 1905 ipsum,
1872 1850 1931 1890 mi
1964 1849 2092 1891 Dola-

388 1921 520 1975 bella,
554 1921 782 1963 custodias.
2111 1935 2145 1960 25

1103 2015 1195 2057 xv.
1246 2014 1381 2071 (235.)

985 2109 1196 2152 CICERO
1230 2109 1423 2152 PAETO
1459 2109 1499 2152 s.

509 2204 685 2246 Duabus
724 2204 811 2246 tuis
851 2205 1047 2259 epistulis
1087 2205 1372 2259 respondebo:
1414 2205 1505 2258 uni,
1546 2219 1674 2259 quam
1713 2204 1951 2258 quadriduo
1991 2207 2090 2246 ante

390 2290 636 2330 acceperam
669 2292 693 2317 a
726 2276 878 2329 Zetho,
913 2276 1056 2330 alteri,
1089 2291 1218 2330 quam
1251 2277 1458 2317 attulerat
1489 2275 1686 2317 Phileros
1719 2275 1983 2317 tabellarius.
2039 2291 2090 2317 ex

389 2346 605 2400 prioribus
639 2347 724 2388 tuis
756 2347 916 2388 litteris
949 2346 1142 2388 intellexi
1180 2349 1431 2402 pergratam
1463 2347 1546 2387 tibi
1579 2361 1725 2388 culam
1758 2361 1897 2388 meam
1930 2347 2089 2388 valetu-
2110 2359 2143 2384 30

390 2417 500 2459 dinis
532 2421 642 2472 tuae,
676 2433 804 2473 quam
837 2418 918 2459 tibi
950 2420 1223 2471 perspectam
1250 2432 1341 2459 esse
1371 2417 1552 2473 gaudeo3
1587 2418 1669 2469 sed,
1704 2416 1811 2458 mihi
1838 2417 1972 2472 crede,
2003 2432 2091 2459 non

509 2551 540 2582 2.
576 2546 659 2590 quis
699 2548 780 2580 erat
801 2568 842 2571 —
865 2550 896 2581 4.
936 2545 1110 2580 dilexisse
1148 2547 1268 2586 adfert
1300 2546 1449 2580 Nonius
1479 2547 1533 2590 (1)
1560 2549 1645 2589 421,
1673 2548 1716 2578 33
1747 2546 1879 2588 Meo-„e
1904 2549 1928 2580 t.
1955 2544 2046 2589 Hp.
2069 2548 2089 2578 2

390 2595 513 2638 Imm.)
544 2596 555 2639 {l
587 2598 617 2628 3.
644 2596 681 2628 te
707 2606 785 2638 sup
813 2606 860 2628 vs.
888 2593 939 2627 Al
966 2595 977 2637 ll
1003 2598 1033 2628 4
1062 2594 1149 2628 ante
1175 2593 1323 2628 Nonius
1353 2595 1365 2638 11
1397 2596 1428 2628 5.
1454 2593 1582 2627 hortor
1608 2594 1686 2637 (sic)
1712 2593 1750 2626 te
1775 2591 1821 2626 H
1847 2593 1858 2636 Η
1891 2595 1922 2627 5
1950 2595 1980 2626 6.
2007 2602 2090 2636 pro—

389 2653 525 2685 ponam
551 2642 597 2685 A,
625 2652 681 2675 —as
711 2643 750 2675 Ψ
767 2643 778 2686 ΙΙ
799 2644 828 2676 7
855 2642 893 2675 te
919 2642 1016 2685 (ante
1041 2640 1118 2685 im.)
1145 2652 1211 2675 om.
1237 2640 1273 2674 A
1292 2643 1303 2685 11
1323 2640 1468 2675 imitere
1494 2641 1549 2684 M,
1579 2639 1719 2674 imitari
1745 2639 1864 2674 HDA
1883 2640 1894 2684 ΙΙ
1915 2638 2090 2672 8136111318

390 2689 465 2722 iam
491 2689 535 2722 H
568 2690 579 2733 Η
618 2693 670 2723 14.
706 2700 788 2742 611111
820 2688 1055 2732 MH2DA2‚
1094 2699 1207 2732 quam
1234 2688 1304 2731 Al,
1344 2688 1508 2731 quadam
1539 2687 1614 2731 A3,
1654 2685 1805 2722 om.H1
1842 2687 1854 2731 Η
1892 2689 1945 2720 16.
1978 2685 2089 2730 pe-de

391 2735 560 2780 temptim
575 2735 662 2779 HA,
689 2748 712 2780 p
742 2735 986 2780 editemptiin,
1015 2739 1027 2768 1
1056 2736 1123 2770 litt.
1145 2747 1192 2770 er
1196 2746 1279 2779 ,pm
1299 2734 1313 2768 i
1333 2746 1421 2770 coar.
1444 2747 1467 2769 α
1486 2735 1553 2768 111ο
1572 2736 1614 2770 in
1633 2745 1663 2778 e,
1689 2734 1745 2778 Μ,
1770 2731 2001 2777 pedetentim
2020 2733 2060 2767 D
2080 2733 2090 2778 (Ι

391 2784 428 2816 613
454 2786 512 2826 (66
538 2784 590 2826 D)
617 2782 804 2827 gradatim
833 2785 885 2826 Ψ,
919 2794 983 2817 om
1013 2783 1048 2817 A
1085 2784 1096 2827 ΙΙ
1135 2785 1188 2816 18.
1216 2781 1354 2816 liberas
1386 2783 1428 2816 tu
1459 2781 1576 2826 igitur
1599 2781 1653 2816 Al
1738 2784 1793 2815 20.
1821 2790 1892 2823 quo

393 2833 445 2863 22.
475 2841 553 2864 6886
579 2842 644 2864 om.
671 2830 707 2865 A
744 2832 754 2874 ΙΙ
791 2811 927 2863 intiiim
952 2830 1001 2863 M
1032 2830 1044 2873 11
1081 2828 1468 2874 242560110116116,
1502 2780 2091 2878 61611.111.11,Α,(10101οἭ61)ε]

393 2881 447 2910 28
481 2877 647 2921 epistolis
678 2877 753 2910 tuis
787 2878 825 2910 H
856 2878 867 2921 Η
899 2876 1097 2919 quatiiduo
1130 2888 1173 2911 et
1205 2876 1413 2920 quadriduo
1446 2858 1523 2920 Ml,
1557 2856 1756 2919 quatrid’uo
1781 2873 1837 2917 D,
1869 2872 1993 2907 triduo
2019 2873 2090 2914 ΗΙΙ

393 2926 446 2956 29
476 2935 690 2967 acceperam
716 2924 810 2967 MD,
838 2934 1032 2967 coeperam
1059 2924 1101 2957 H
1117 2925 1129 2967 ΙΙ
1149 2934 1170 2957 a
1197 2923 1303 2957 zetho
1325 2924 1378 2967 M,
1407 2935 1429 2957 a
1453 2888 1581 2957 retth
1587 2923 1636 2964 D,
1663 2920 1788 2955 aletho
1815 2902 1860 2954 H
1873 2921 1884 2964 ΙΙ
1903 2920 2088 2967 Phileros]

392 2969 527 3012 pilei-os
556 2973 604 3006 Ψ
643 2973 688 3014 cf.
716 2973 764 3005 ad
788 2970 832 3014 V,
861 2974 915 3013 12,
937 2973 956 3003 3
988 2972 999 3014 ΙΙ
1032 2974 1086 3005 30
1115 2981 1241 3004 61116111
1262 2992 1304 2995 —
1326 2974 1380 3004 31
1414 2969 1485 3004 tibi
1511 2969 1591 3003 HD
1625 2950 1829 3012 (φνάεὒετεα
1857 2967 1993 3002 Canon.
2020 2971 2089 3002 210

393 3021 424 3050 et
449 3020 527 3060 244,
556 3018 675 3052 Paris.
704 3021 793 3051 7783
819 3022 850 3052 et
879 3020 1004 3058 14761,
1031 3029 1098 3062 my.
1130 3017 1329 3052 Coatcmdo
1316 3030 1344 3060 1,
1371 3018 1445 3061 ab),
1479 3028 1543 3051 om.
1571 3016 1620 3049 M
1646 3018 1657 3059 ΙΙ
1688 3018 1744 3049 30.
1771 3025 1897 3048 curam
1924 3015 1980 3059 H,
2008 3026 2088 3049 esse

394 3074 519 3096 curam
545 3065 583 3098 D
607 3067 618 3108 ΙΙ
643 3068 698 3099 31.
724 3066 958 3108 perspectum
986 3064 1034 3097 M
