2242 3496
328 1880 347 1909 ΚΘ

380 116 463 156 208
976 111 1023 144 Μ.
1051 107 1191 142 TVLLI
1218 105 1468 140 CICERONIS

380 237 513 275 neque
559 222 608 262 de
654 234 809 274 magna
853 232 996 258 causa:
1041 214 1277 267 Bellienus,
1322 228 1452 254 verna
1492 212 1721 266 Demetrii,
1766 212 1839 266 qui
1875 212 1937 253 ibi
1977 227 2074 253 cum

381 292 590 346 praesidio
619 294 720 343 crat,
756 287 993 329 Domitium
1028 285 1252 338 quendam,
1284 283 1475 324 nobilem
1508 282 1584 336 illi,
1617 280 1812 324 Caesaris
1844 283 2074 337 hospitem,

380 379 404 403 a
442 362 656 403 contraria
696 359 881 399 factione
922 355 1110 396 nummis
1153 354 1340 407 acceptis
1386 353 1641 407 conprendit
1681 356 1725 394 et
1766 353 2074 408 strangulavit3

380 433 530 473 civitas
559 432 607 471 ad
636 444 753 470 arma
779 428 847 481 iit,
880 442 929 468 eo
956 427 1099 480 †num
1121 424 1373 466 cohortibus
1401 423 1508 464 mihi
1534 438 1609 477 per
1635 424 1756 464 nives
1784 424 1969 464 eundum
1995 427 2073 465 est.

380 504 533 555 ‘usque
567 498 764 553 quaque,'
810 497 970 551 inquis,
1016 496 1081 537 ‘se
1122 495 1304 536 Domitii
1349 494 1459 535 male
1504 493 1637 535 dant.'
1710 494 1863 535 vellem
1902 495 2074 548 quidem
2111 510 2127 534 5

380 573 543 613 Venere
571 572 807 624 prognatus
836 572 1007 609 tantum
1038 567 1169 608 animi
1202 566 1426 607 habuisset
1459 566 1502 606 in
1534 568 1678 606 vestro
1706 564 1913 619 Domitio,
1945 580 2075 619 quan—

379 647 465 683 tum
502 641 681 695 psacade
714 642 840 680 natus
873 638 916 679 in
950 639 1031 679 1100
1064 637 1227 679 habuit.
1291 636 1488 678 Ciceroni
1520 635 1547 677 f.
1576 651 1608 677 s.
1635 637 1671 677 d.

1078 803 1193 845 xvi.
1239 802 1377 859 (161.)

909 910 1157 952 CAELIVS
1192 908 1472 952 CICERONI
1507 909 1548 951 s.

495 1018 779 1059 Exanimatus
818 1018 904 1058 tuis
944 1017 1122 1071 litteris,
1167 1017 1322 1071 quibus
1362 1020 1404 1057 te
1442 1017 1550 1057 nihil
1590 1016 1673 1057 nisi
1713 1016 1838 1057 triste
1879 1016 2073 1072 cogitare
2096 1032 2128 1057 10

379 1089 605 1130 ostendisti
637 1103 786 1143 neque,
816 1088 859 1128 id
894 1088 994 1142 quid
1028 1091 1153 1142 esset,
1186 1088 1437 1142 perscripsti
1470 1102 1606 1142 neque
1638 1102 1722 1129 11011
1757 1091 1916 1141 tamen,
1949 1087 2075 1142 quale

378 1163 509 1214 esset,
555 1160 667 1213 quod
713 1160 946 1213 cogitares,
991 1159 1218 1213 aperuisti,
1261 1159 1339 1200 has
1379 1159 1429 1199 ad
1470 1161 1512 1199 te
1554 1158 1653 1200 ilico
1699 1159 1868 1200 litteras
1911 1158 2077 1212 scripsi.

378 1245 452 1284 per
484 1230 681 1271 fortunas
716 1233 826 1285 tuas,
859 1228 1021 1285 Cicero,
1054 1245 1129 1284 per
1161 1230 1322 1271 liberos
1356 1245 1431 1271 oro
1466 1230 1657 1283 obsecro,
1688 1244 1741 1270 ne
1769 1229 1870 1284 quid
1903 1229 2078 1284 gravius

377 1301 426 1341 de
460 1302 598 1342 salute
631 1305 674 1342 et
708 1301 1006 1343 incolumitate
1040 1304 1114 1342 tua
1148 1301 1367 1355 consulas3
1400 1316 1500 1342 nam
1533 1301 1634 1342 deos
1666 1300 1950 1354 hominesque
1977 1300 2080 1341 ami-

376 1372 607 1426 citiamque
651 1375 849 1414 nostram
894 1372 1106 1414 testificor
1147 1387 1212 1413 me
1250 1372 1333 1413 tibi
1373 1372 1574 1426 praedixe
1613 1387 1750 1426 neque
1789 1375 1951 1414 temere
1993 1386 2082 1413 mo·
2103 1387 2135 1412 15

374 1444 538 1498 nuisse,
582 1444 673 1497 sed,
718 1446 950 1498 postquam
994 1442 1221 1485 Caesarem
1269 1444 1542 1485 convenerim
1588 1444 1932 1497 sententiamque
1978 1444 2082 1499 eius,

375 1515 514 1568 qualis
553 1515 700 1556 futura
738 1518 852 1556 esset
891 1518 1015 1569 parta
1048 1516 1248 1569 victoria,
1290 1515 1534 1570 cognorim,
1573 1518 1615 1556 te
1649 1515 1877 1556 certiorem
1915 1515 2081 1556 fecisse.

374 1585 409 1625 si
450 1585 674 1627 existimas
714 1586 891 1627 eandem
930 1587 1144 1627 rationem
1183 1586 1274 1628 fore
1308 1584 1503 1627 Caesaris
1546 1587 1591 1627 in
1628 1586 1898 1627 dimittendis
1938 1586 2081 1628 adver—

376 1656 502 1697 sariis
541 1660 584 1697 et
625 1656 950 1698 condicionibus
991 1657 1194 1712 ferendis,
1234 1673 1368 1699 erras:
1413 1658 1521 1698 nihil
1555 1658 1638 1698 nisi
1672 1660 1796 1698 atrox
1830 1660 1873 1699 et
1906 1672 2080 1699 saevum

376 1728 542 1782 cogitat
575 1731 702 1782 atque
736 1728 867 1768 etiam
906 1728 1116 1782 loquitur:
1161 1729 1297 1770 iratus
1338 1729 1505 1770 senatui
1544 1729 1667 1783 exiit,
1703 1729 1771 1769 his
1810 1729 2080 1770 intercessio·
2101 1744 2135 1768 20

374 1797 501 1839 nibus
534 1800 659 1852 plane
692 1799 898 1840 incitatus
932 1802 1014 1854 est,
1060 1814 1144 1840 non
1187 1800 1452 1841 mehercules
1493 1800 1574 1841 erit
1613 1799 1908 1854 deprecationi
1946 1800 2079 1841 locus.

376 1883 525 1923 quare,
561 1870 596 1910 si
630 1869 710 1910 tibi
744 1873 809 1925 tu,
849 1871 883 1911 si
918 1871 1031 1911 filius
1065 1871 1233 1925 unicus,
1274 1871 1310 1912 si
1342 1872 1513 1926 domuS,
1553 1871 1589 1911 si
1622 1886 1718 1925 spes
1757 1874 1856 1912 tuae
1889 1871 2080 1926 reliquae

496 2026 522 2055 1.
551 2021 708 2055 Bellieni
741 2029 855 2056 verna
887 2022 1097 2056 Demetrius
1124 2023 1318 2058 Hermamz
1350 2024 1370 2058 Ι.
1399 2034 1444 2066 0.,
1477 2035 1551 2058 ‘non
1582 2027 1684 2058 recte.
1735 2024 1929 2058 videndum
1962 2027 2081 2058 tamen

373 2080 460 2102 mom
485 2067 684 2111 Billienus,
711 2074 751 2103 ut
776 2069 877 2112 XVI,
899 2074 960 2113 22,
989 2074 1026 2113 2,
1052 2071 1280 2105 scribendwn
1305 2072 1376 2105 sit:
1402 2073 1448 2112 cf.
1476 2072 1640 2105 Iordan³
1665 2071 1714 2105 acl
1739 2070 1827 2106 Sall.
1854 2071 1936 2116 luy.
1960 2074 2036 2114 104,
2060 2074 2076 2104 1

375 2116 482 2157 (adde
511 2117 664 2151 (111).
697 2116 778 2150 XIV
806 2120 920 2152 33:28:
962 2116 997 2151 C.
1032 2116 1213 2151 Billienus
1253 2117 1288 2153 C.
1323 2118 1346 2153 1.
1387 2118 1525 2152 Beatus
1564 2118 1726 2162 Lunula,
1772 2121 1887 2154 3377:
1918 2117 2081 2152 Billiena

375 2162 539 2196 mulieris
578 2163 600 2197 l.
635 2163 781 2207 Tertia,
822 2164 1010 2208 Βιλλιηνὸς
1045 2165 1079 2199 C.
1103 2166 1133 2200 Ι.
1157 2166 1200 2199 (r'.
1230 2166 1261 2198 ΙΙ
1289 2168 1405 2199 228511
1443 2167 1515 2200 sive
1553 2166 1667 2211 Lo‘wy
1708 2166 2076 2200 ‘Bildlzauerz'nschr.'

369 2222 406 2253 p.
429 2212 511 2255 200)
532 2212 542 2253 Η
562 2210 642 2255 (1111]
669 2222 740 2254 que
767 2211 815 2244 M
847 2213 858 2255 {l
896 2215 926 2245 2.
954 2211 1011 2245 1111
1037 2212 1097 2255 Μ,
1125 2212 1203 2246 illic
1229 2223 1259 2249 ς.
1300 2214 1346 2253 cf.
1374 2213 1480 2258 Bury
1501 2225 1539 2257 J).
1563 2216 1606 2246 15
1644 2216 1655 2256 Η
1692 2216 1724 2248 3.
1753 2212 1980 2257 stragulauit
2007 2213 2079 2257 MN

374 2261 405 2291 4.
439 2258 542 2303 num]
576 2260 660 2292 latet
692 2259 891 2293 cohortium
923 2270 1116 2293 numerus:
1154 2261 1236 2303 fort.
1264 2260 1359 2294 VIII.
1400 2271 1498 2294 nunc
1529 2261 1583 2296 vel
1615 2271 1712 2294 nunc
1738 2260 1754 2278 ²⁸
1780 2261 1835 2295 vel
1865 2271 1964 2294 nune
1996 2271 2079 2294 cum

373 2305 426 2338 ϊεῐ
452 2316 547 2338 nunc
574 2316 658 2339 cum
684 2305 700 2322 *
728 2306 975 2351 (ll'esenbery)
1006 2307 1060 2341 vel
1095 2317 1179 2340 eum
1205 2308 1385 2350 quattuor
1410 2309 1479 2342 alii
1515 2310 1525 2352 Η
1564 2311 1594 2342 5.
1622 2307 1713 2342 111311
1740 2308 1788 2341 Μ
1819 2309 1830 2353 ΙΙ
1867 2307 2078 2353 quidemlfff,

375 2356 393 2384 2
422 2352 487 2387 litt.
516 2363 618 2395 eras,
644 2353 697 2387 M.
744 2352 916 2396 equidem
945 2354 1155 2399 lVeseubergJ
1180 2356 1191 2399 ΙΙ
1218 2358 1248 2389 6.
1280 2355 1418 2389 Venere
1444 2357 1650 2399 prognatus
1676 2355 1875 2399 Victorius,
1906 2365 2079 2389 uenerem

375 2401 631 2443 propugnatus
666 2400 713 2433 M
739 2401 749 2444 ΙΙ
781 2400 958 2434 habuisse
991 2401 1037 2434 M
1064 2403 1075 2445 ss
1107 2402 1246 2447 vestro]
1281 2404 1407 2436 nostro
1435 2414 1455 2439 ς
1482 2407 1514 2437 et
1540 2403 1635 2437 Boot
1667 2403 1770 2447 (obs.
1802 2403 1898 2437 crit’
1928 2415 1968 2447 1).
1989 2404 2048 2447 19)
2067 2403 2079 2448 j}

377 2449 406 2480 7.
433 2447 594 2490 psacade
631 2447 758 2492 natus]
798 2447 881 2492 ipsa
919 2449 1022 2492 (corr.
1049 2460 1093 2482 m.
1123 2453 1159 2491 1,
1185 2454 1227 2484 ut
1251 2451 1337 2493 vid„
1369 2451 1410 2484 in
1441 2449 1535 2494 ipse)
1573 2450 1777 2484 cadenatus
1811 2450 1863 2485 M.
1914 2449 2078 2484 Psecade

375 2496 484 2537 (psec.
520 2495 744 2539 ll'esenbery)
784 2496 894 2528 natus
934 2496 1198 2541 sztayathus.
1250 2498 1294 2540 cf.
1333 2497 1450 2541 Steplz.
1482 2497 1582 2532 Thes.
1612 2498 1633 2532 l.
1663 2497 1726 2533 Gr.
1753 2508 1780 2532 s.
1806 2509 1838 2532 v.
1864 2495 2021 2542 ψακάζω
2047 2501 2079 2531 ιτ

377 2539 500 2583 mande
542 2542 553 2585 ΙΙ
597 2544 627 2575 9.
665 2542 818 2576 alterum
854 2543 984 2577 harum
1023 2544 1226 2579 litteo-arma
1264 2545 1461 2589 exemplum
1500 2549 1599 2580 eaetat
1636 2546 1678 2578 in
1718 2556 1771 2589 ep.
1804 2545 1853 2579 ad
1883 2545 1959 2579 Att.
1987 2544 2030 2588 X,
2058 2547 2078 2577 9

374 2589 422 2631 (Α
443 2605 487 2616 =
507 2589 582 2623 cod.
610 2588 707 2623 Med.
730 2593 786 2633 49,
810 2594 850 2622 125
878 2602 900 2624 α
926 2601 978 2624 me
1004 2591 1169 2635 collatus)
1208 2593 1219 2636 Η
1258 2596 1311 2626 10.
1346 2591 1581 2626 exanimatus
1608 2592 1660 2636 A,
1695 2603 1724 2627 e.
1759 2603 1841 2626 sum
1867 2592 1916 2625 M
1940 2594 1951 2636 ΙῙ
1982 2590 2078 2625 nihil

375 2663 444 2697 nisi
471 2665 524 2708 M,
574 2664 705 2709 nichil,
738 2677 812 2700 non
838 2678 860 2699 α
886 2678 930 2702 m.
958 2671 990 2711 2,
1017 2668 1052 2701 Α
1091 2669 1102 2711 ΙΙ
1141 2671 1194 2703 11,
1221 2668 1438 2713 perscripsti
1463 2679 1583 2713 neque
1614 2669 1745 2713 scripsi
1776 2670 1846 2712 (ita
1870 2669 2079 2703 dubitanter

374 2711 508 2746 Becher
545 2724 680 2757 quoque
713 2725 751 2757 p.
781 2717 834 2756 17,
861 2716 914 2757 2),
953 2714 1203 2759 perscripsisti
1241 2726 1361 2760 neque
1403 2717 1452 2758 A,
1490 2715 1689 2761 perscripsi
1715 2716 1764 2749 M
1795 2719 1806 2757 n
1844 2714 1966 2759 qualis
2005 2715 2054 2749 M
2068 2734 2070 2738 >

378 2762 428 2793 12.
463 2759 646 2803 cogitares
672 2760 724 2804 A,
761 2760 912 2806 cognita
944 2772 1000 2795 res
1029 2762 1078 2795 M
1111 2764 1122 2805 ΙΙ
1158 2762 1260 2797 111100
1287 2763 1323 2797 Α
1360 2765 1371 2807 ΙΙ
1413 2767 1464 2798 13.
1499 2774 1561 2797 010
1595 2763 1747 2797 obsecro
1777 2763 1838 2804 M,
1874 2764 1912 2796 te
1944 2773 2007 2796 oro
2040 2763 2078 2796 et

376 2805 525 2839 obsecro
558 2808 609 2850 A,
650 2809 743 2851 qnod
776 2809 939 2852 praefert
971 2809 1075 2854 Bury
1109 2810 1164 2854 (p.
1189 2812 1246 2854 74)
1284 2812 1295 2855 Η
1335 2814 1387 2845 15.
1426 2811 1556 2844 nostra
1596 2809 1645 2843 M
1675 2811 1686 2853 ΙΙ
1722 2808 1898 2854 praedixe
1935 2811 2077 2854 scripsi,

378 2852 543 2895 praedixi
569 2855 630 2898 M,
656 2854 885 2898 praedixisse
916 2856 946 2889 A
979 2858 989 2900 Η
1024 2860 1076 2891 10.
1104 2868 1253 2891 0303310
1280 2858 1328 2891 M
1355 2860 1365 2902 Η
1397 2856 1633 2891 conuenerim
1658 2868 1702 2891 ex
1727 2855 1962 2890 conuenirem
1988 2856 2048 2890 Α2
2066 2859 2077 2888 [Ι

380 2902 431 2933 17.
471 2900 596 2933 sutura
634 2903 732 2935 esset
768 2902 879 2946 parta
917 2901 1075 2936 uictoria
1114 2905 1166 2947 A,
1204 2904 1327 2938 fuerat
1365 2906 1464 2939 esset
1500 2903 1636 2948 partha
1675 2902 1776 2937 uicta
1813 2902 1972 2937 uictoria
2003 2904 2051 2938 M
2065 2905 2077 2949 11

378 2947 562 2989 cognorim
592 2949 637 2992 A,
665 2949 901 2992 cog-nouerim
930 2949 977 2982 M
993 2952 1004 2993 ΙΙ
1027 2955 1079 2984 is.
1107 2951 1299 2985 existimas
1326 2963 1369 2986 ear
1396 2963 1515 2985 -nians
1542 2952 1601 2985 Α2
1619 2951 1631 2993 ΙΙ
1650 2950 1744 2984 forte
1770 2951 1806 2984 A
1825 2952 1837 2995 ΙΙ
1856 2961 1984 2984 caesar
2003 2951 2052 2985 M
2066 2961 2077 2996 μ’

379 3014 434 3089 zio.
462 3011 702 3092 exiitlffexfflit
729 3014 781 3056 M,
809 3013 886 3047 exit
912 3014 947 3047 A
967 3016 977 3059 Η
996 3014 1054 3048 his
1081 3016 1135 3059 Μ,
1161 3007 1244 3058 hes,
1272 3016 1283 3049 i
1309 3029 1332 3049 (ι
1358 3028 1401 3051 m.
1429 3020 1460 3058 2,
1490 3017 1520 3049 A
1542 3018 1627 3058 1121.
1654 3014 1883 3049 mehercules
1910 3027 1976 3050 om.
2004 3015 2075 3050 M*

380 3067 614 3100 (0111300310
670 3070 671 3073 ’
