2242 3496
338 173 422 215 378
934 167 980 201 M.
1009 164 1147 199 TVLLI
1174 161 1424 197 CICERONIS

339 281 537 325 omnibus
570 293 735 322 mecum
767 275 919 318 studiis
962 271 1201 325 officiisque
1239 268 1583 312 coniunctissimi
1621 284 1792 312 movere
1831 270 2034 312 debebat:

339 368 363 394 a
394 355 436 394 te
469 351 550 393 hoc
583 349 698 392 omni
731 343 1003 388 contentione
1035 344 1148 396 peto,
1181 340 1254 396 sic,
1286 342 1335 382 ut
1366 340 1527 382 maiore
1561 354 1673 396 cura,
1703 340 1866 382 maiore
1899 340 2032 382 animi

338 423 485 464 labore
510 423 654 475 petere
680 432 766 459 non
791 415 966 470 possim,
998 416 1047 455 ut
1073 412 1126 454 ad
1153 426 1213 467 ea,
1243 426 1352 466 quae
1378 413 1454 452 tua
1480 413 1634 466 sponte
1662 410 1752 453 sine
1780 411 2034 466 cuiusquam

341 490 705 535 commendatione
737 487 898 528 faceres
931 485 975 525 in
1006 483 1226 525 hominem
1259 484 1431 523 tantum
1473 484 1516 523 et
1548 482 1681 523 talem
1721 481 2034 537 calamitosum,

339 563 522 616 aliquem
550 559 743 600 adferant
771 556 988 598 cumulum
1015 569 1133 596 meae
1153 553 1337 608 litterae,
1365 567 1448 607 quo
1471 553 1707 594 studiosius
1729 568 1838 608 eum,
1861 553 2032 607 quibus-
2072 567 2089 594 5

296 652 301 658 ·
340 646 518 685 cumque
549 630 676 670 rebus
709 627 862 682 possis,
894 626 1024 667 iuves.
1084 624 1196 679 quod
1229 624 1265 665 si
1291 623 1456 665 Romae
1488 622 1656 679 fuisses,
1690 624 1821 665 etiam
1851 624 2036 665 salutem

340 703 389 744 A.
417 700 620 742 Caecinae
654 712 856 750 essemus,
888 699 936 737 ut
969 695 1114 750 opinio
1147 709 1240 735 mea
1273 693 1374 748 fert,
1406 709 1482 749 per
1513 696 1556 735 te
1590 695 1829 749 consecuti,
1867 695 1918 736 de
1951 709 2036 749 qua

339 777 482 814 tamen
513 783 715 824 magnam
750 782 869 822 spem
901 767 1129 820 habemus,
1172 765 1274 806 freti
1307 765 1536 806 clementia
1568 765 1759 821 collegae
1791 764 1873 806 tui:
1911 779 2036 820 nunc,

339 843 539 898 quoniam
572 843 691 881 tuam
722 838 935 880 iustitiam
963 839 1135 879 secutus
1164 836 1432 877 tutissimum
1460 836 1543 878 sibi
1568 840 1744 891 portum
1768 835 2036 891 provinciam

338 915 466 955 istam
498 911 618 953 duxit
651 925 754 964 esse,
787 909 917 951 etiam
950 911 1078 963 atque
1112 908 1244 949 etiam
1277 910 1319 949 te
1350 921 1457 963 rogo
1491 910 1620 962 atque
1654 922 1749 963 oro,
1781 910 1831 948 ut
1864 922 1962 949 eum
1993 909 2036 949 et
2056 922 2089 948 10

338 985 382 1025 111
420 980 612 1036 reliquiis
656 979 814 1022 veteris
857 978 1168 1035 negotiationis
1213 977 1466 1034 colligendis
1505 979 1597 1020 iues
1636 981 1680 1020 et
1718 978 1871 1021 ceteris
1909 978 2036 1020 rebus

338 1058 459 1110 tegas
493 1055 619 1106 atque
651 1054 816 1093 tueare:
847 1051 929 1092 hoc
961 1050 1068 1092 mihi
1102 1049 1269 1105 gratius
1302 1049 1442 1091 facere
1475 1049 1584 1091 nihil
1615 1052 1753 1104 potes.

1006 1215 1183 1258 LXVII.
1230 1213 1368 1272 (264.)

678 1324 733 1365 M.
762 1321 974 1365 oicERo
1007 1323 1052 1364 P.
1081 1321 1355 1365 sERVILIO
1388 1322 1503 1364 PRO
1537 1322 1622 1364 PR.
1657 1322 1695 1364 s.

454 1433 522 1474 Ex
552 1430 773 1486 provincia
805 1444 900 1471 mea
934 1427 1166 1485 Ciliciensi,
1198 1429 1266 1470 cui
1299 1429 1382 1471 scis
1413 1436 1527 1485 τρεῖς
1560 1430 1796 1484 διοικήσεις
1822 1427 2038 1471 Asiaticas
2060 1443 2094 1470 15

338 1504 578 1546 adtributas
611 1502 763 1556 fuisse,
794 1501 914 1542 nullo
948 1515 1044 1542 sum
1075 1500 1332 1542 familiarius
1367 1515 1469 1542 usus
1509 1515 1637 1560 quam
1670 1500 1885 1555 Androne,
1917 1499 2042 1542 Arte-

338 1574 476 1617 monis
509 1574 611 1629 filio,
643 1572 909 1627 Laodicensi,
942 1586 1124 1626 eumque
1155 1571 1290 1613 habui
1322 1572 1368 1613 in
1400 1587 1449 1613 ea
1482 1572 1655 1613 civitate
1689 1587 1786 1614 cum
1811 1571 2042 1627 hospitem,

338 1650 430 1688 tum
462 1646 735 1687 vehementer
768 1644 821 1685 ad
853 1658 971 1685 mea-e
1005 1643 1118 1684 vitae
1151 1643 1364 1684 rationem
1403 1645 1446 1684 et
1485 1642 1840 1684 consuetudinem
1878 1656 2042 1684 accom-

340 1717 577 1770 modatum,
616 1731 743 1770 quem
777 1714 950 1770 quidem
982 1713 1120 1755 multo
1154 1714 1285 1755 etiam
1317 1714 1472 1769 pluris,
1510 1716 1662 1768 postea
1700 1728 1829 1768 quam
1866 1713 2040 1768 decessi,

338 1788 478 1830 facere
518 1786 655 1841 coepi,
701 1786 814 1841 quod
857 1785 1007 1827 multis
1052 1785 1181 1826 rebus
1223 1787 1424 1839 expertus
1464 1800 1559 1826 sum
1603 1787 1778 1840 gratum
1820 1784 2041 1826 hominem
2060 1801 2094 1826 20

339 1858 507 1913 meique
548 1872 792 1899 memorem.
855 1857 1002 1911 itaque
1047 1871 1145 1898 eum
1182 1855 1344 1898 Romae
1387 1855 1676 1897 libentissime
1720 1855 1825 1910 vidi;
1867 1870 1956 1897 non
1998 1857 2040 1896 te

341 1930 453 1971 enim
490 1929 622 1985 fugit,
670 1928 741 1983 qui
780 1928 979 1983 plurimis
1019 1927 1065 1968 in
1101 1927 1189 1969 ista
1227 1927 1448 1982 provincia
1488 1927 1671 1982 benigne
1708 1926 1869 1981 fecisti,
1914 1941 2042 1981 quam

341 2001 466 2042 multi
499 2000 613 2056 grati
645 1999 927 2054 reperiantur.
982 1999 1090 2040 haec
1121 2001 1353 2053 propterea
1386 1998 1550 2052 scripsi,
1583 2000 1632 2038 ut
1665 1999 1708 2038 et
1740 2012 1808 2038 me
1836 2012 1924 2039 non
1949 1996 2041 2038 sine

341 2087 469 2113 causa
510 2072 707 2112 laborare
751 2071 1027 2126 intellegeres
1066 2071 1109 2110 et
1147 2072 1196 2110 tu
1233 2068 1325 2123 ipse
1365 2084 1461 2111 eum
1506 2069 1686 2123 dignum
1727 2067 1920 2122 hospitio
1963 2070 2041 2109 tuo

340 2142 561 2184 iudicares.
617 2141 768 2183 feceris
801 2141 937 2197 igitur
968 2139 1074 2181 mihi
1107 2139 1424 2195 gratissimum,
1456 2140 1493 2181 si
1525 2139 1564 2181 ei
1596 2139 1845 2193 declararis,
1888 2139 2039 2193 quanti
2059 2155 2094 2181 25

342 2228 407 2254 me
439 2212 584 2267 facias,
614 2212 658 2253 id
691 2215 768 2266 est,
801 2212 837 2253 si
869 2211 1082 2266 receperis
1116 2226 1213 2252 eum
1240 2210 1284 2252 in
1309 2211 1438 2252 fidem
1465 2214 1586 2252 tuam
1613 2213 1667 2264 et,
1701 2210 2041 2265 quibuscumque

343 2284 469 2324 rebus
501 2283 680 2324 honeste
714 2298 763 2324 ac
795 2283 885 2325 sine
918 2282 1119 2324 molestia
1151 2285 1227 2323 tua
1257 2282 1434 2337 poteris,
1467 2281 1673 2323 adiueris:
1704 2281 1787 2322 hoc
1819 2279 1927 2322 mihi
1958 2281 2042 2322 erit

343 2355 614 2395 vehementer
646 2356 830 2409 gratum,
862 2354 988 2408 idque
1021 2356 1070 2394 ut
1101 2353 1234 2394 facias
1267 2356 1310 2394 te
1343 2352 1474 2395 etiam
1507 2355 1635 2407 atque
1668 2351 1801 2393 etiam
1833 2366 1952 2407 rogo.

462 2485 491 2517 1.
514 2481 650 2516 debeat
663 2481 708 2515 H
723 2484 733 2526 {1
753 2485 784 2516 2.
806 2480 990 2528 (itaque)
1007 2482 1079 2516 ate
1094 2481 1250 2526 Kayser,
1271 2480 1425 2528 (nunc)
1447 2492 1469 2516 a
1488 2481 1525 2515 te
1541 2480 1760 2525 Wesenbery.
1792 2480 1837 2524 cf.
1852 2480 2043 2515 Lehmarm

338 2542 376 2574 p.
394 2533 437 2564 65
469 2531 479 2574 ΙΙ
512 2533 542 2564 3.
570 2540 720 2573 possum
746 2530 824 2574 (sic)
851 2529 932 2563 HD
962 2531 973 2573 ΙΙ
1005 2532 1037 2564 3.
1064 2532 1096 2564 4.
1124 2528 1202 2563 31116
1230 2528 1449 2573 cuiusquam
1474 2526 1796 2563 commendatione
1825 2528 1892 2562 del.
1919 2527 2044 2573 Kleyn

344 2578 396 2621 (p.
420 2579 477 2621 19)
515 2577 526 2620 ΙΙ
563 2580 593 2610 4.
626 2577 774 2610 tantum
806 2577 842 2610 et
871 2575 987 2610 talem
1019 2575 1294 2622 calamitosum]
1330 2578 1375 2619 cf.
1403 2575 1801 2622 Ndyelsbach-Muller
1833 2575 1910 2609 (ῑαῦ.
1944 2574 2040 2610 Stil?

340 2636 378 2667 p.
400 2624 490 2658 37ssS
510 2624 595 2658 adn.
638 2624 716 2657 tam
741 2624 846 2657 tuum
866 2625 904 2657 et
922 2625 1000 2657 tam
1021 2623 1282 2658 calamitosum
1300 2628 1383 2668 post
1402 2625 1494 2659 alios
1517 2623 1721 2658 Thia-bach
1740 2623 1880 2667 (proyr.
1903 2621 2042 2657 Guben.

348 2674 435 2704 1782
458 2682 495 2714 12.
518 2672 564 2714 5),
591 2671 674 2713 fort.
700 2675 802 2714 recte,
827 2672 905 2704 tam
930 2672 1036 2704 tuum
1063 2672 1100 2705 et
1125 2671 1241 2705 talem
1266 2671 1527 2705 calamitosum
1552 2670 1707 2715 Madvig
1733 2669 1846 2714 Gadv.
1869 2669 1964 2704 crit.’
1991 2668 2044 2702 III

341 2729 379 2762 p.
402 2719 500 2762 164),
529 2718 675 2751 tantum
703 2718 740 2751 et
764 2717 879 2752 talem
906 2717 1112 2765 <tamque>
1138 2717 1400 2753 calamitosum
1425 2719 1616 2753 Lehmann
1642 2718 1696 2761 (p.
1719 2717 1787 2761 61).
1831 2716 1980 2750 tantum
2005 2717 2044 2750 et

346 2763 476 2807 talem,
503 2766 569 2799 del.
595 2777 626 2799 11,
648 2764 923 2807 calamitosum,
958 2766 1112 2800 Ursinus
1136 2770 1169 2800 et
1195 2766 1324 2812 Kleyn
1349 2767 1402 2811 (p.
1425 2767 1494 2810 52).
1539 2768 1691 2799 ceterum
1721 2764 1758 2798 et
1782 2767 1864 2798 ante
1890 2762 2041 2798 calami-

346 2812 467 2845 tosum
493 2812 575 2846 add.
603 2812 648 2845 H
674 2813 684 2855 ΙΙ
717 2816 747 2846 9.
773 2812 1000 2846 tutissimam
1026 2813 1076 2846 M
1101 2814 1112 2857 Η
1145 2816 1199 2847 10.
1225 2814 1262 2847 te
1289 2825 1354 2848 om.
1382 2813 1427 2848 H
1452 2814 1464 2858 ΙΙ
1497 2816 1551 2847 11.
1577 2810 1760 2857 reliquiis]
1793 2809 1946 2853 reliquis
1975 2809 2042 2853 {FU

347 2857 424 2892 iues
445 2859 498 2902 M,
525 2858 629 2893 1111163
649 2859 729 2893 HD
759 2861 771 2904 11
802 2864 856 2894 18.
885 2863 939 2894 19.
967 2860 1285 2894 accommodatam
1306 2861 1356 2895 M
1381 2863 1392 2906 ΙΙ
1425 2864 1479 2895 19.
1507 2858 1650 2894 decessi
1675 2858 1728 2902 M,
1757 2856 1910 2892 discessi
1932 2856 2013 2890 HD
2030 2855 2043 2903 Η

349 2908 403 2939 26.
431 2916 513 2939 611111
538 2905 628 2950 HD,
656 2905 743 2940 dum
769 2907 817 2940 M
830 2908 841 2951 11
861 2910 917 2942 27.
943 2907 1131 2941 adiuueris
1157 2907 1238 2942 HD
