2242 3496
426 196 482 235 44
1030 193 1077 227 M.
1105 192 1240 226 TVLL!
1271 191 1520 227 CICERONIS

379 314 398 343 2
426 304 538 356 quod
572 306 637 343 est
669 303 802 357 igitur
834 315 974 341 meum
1008 299 1150 339 ‘triste
1184 298 1456 341 consilium’?
1488 303 1537 340 ut
1569 300 1829 343 discederem
1860 302 2045 343 fortasse
2077 302 2122 343 in

426 373 592 426 aliquas
625 372 889 413 solitudines.
946 369 1063 410 nosti
1102 368 1215 409 enim
1253 384 1340 411 non
1378 370 1504 410 modo
1538 372 1749 412 stomachi
1781 372 1882 426 mei,
1920 373 2040 414 cuius
2073 375 2121 413 tu

425 443 609 483 similem
649 442 861 495 quondam
898 439 1107 492 habebas,
1150 439 1223 480 sed
1255 440 1386 480 etiam
1426 439 1648 481 oculorum
1679 441 1723 482 in
1754 442 1977 484 hominum
2010 443 2122 484 inso-

425 513 605 553 lentium
643 510 901 565 indignitate
939 509 1182 564 fastidium,
1223 510 1388 551 accedit
1427 509 1557 551 etiam
1602 511 1784 552 molesta
1819 512 1925 555 haec
1962 528 2122 568 pompa

424 582 624 623 lictorum
669 594 861 621 meorum
905 594 1146 634 nomenque
1191 580 1379 634 imperii,
1429 595 1512 634 quo
1558 581 1768 635 appellor:
1819 597 1867 624 00
1913 583 1949 624 si
1994 597 2120 625 onere

425 666 630 704 carerem,
668 650 862 704 quamvis
901 650 1044 704 parvis
1077 650 1231 692 Italiae
1270 651 1449 692 latebris
1489 653 1716 692 contentus
1755 667 1911 707 essem,
1952 654 2025 694 sed
2063 654 2123 694 in-

425 722 558 762 currit
590 722 694 762 haec
725 724 876 761 nostra
912 721 1061 762 laurus
1099 737 1184 762 non
1224 721 1363 762 solum
1401 721 1444 762 in
1485 723 1649 776 oculos,
1691 723 1765 763 sed
1795 723 1882 764 iam
1915 723 2046 764 etiam
2078 724 2123 765 in

424 792 596 832 voculas
636 791 962 833 malevolorum:
1002 793 1115 846 quod
1154 807 1250 834 eum
1282 792 1346 833 ita
1384 795 1513 846 esset,
1551 792 1613 833 nil
1652 796 1798 835 tamen
1834 808 2039 848 umquam
2072 795 2122 836 de

422 861 688 915 profectione
730 861 812 902 nisi
854 863 977 904 vobis
1023 863 1364 916 adprobantibus
1409 863 1615 918 cogitavi3
1661 864 1733 905 sed
1772 879 1867 905 mea
1902 865 2123 919 praediola

424 932 504 974 tibi
541 934 645 973 nota
683 935 800 973 sunt:
842 933 882 974 in
923 933 990 974 his
1030 933 1134 973 mihi
1172 947 1344 974 necesse
1383 936 1448 974 est
1486 948 1597 988 esse,
1634 949 1685 974 ne
1725 934 1874 976 amicis
1914 936 2121 977 molestus

423 1003 521 1056 sim,
561 1003 673 1056 quod
707 1006 850 1044 autem
882 1004 928 1044 in
960 1003 1191 1045 maritimis
1223 1004 1428 1045 facillime
1467 1019 1580 1058 sum,
1616 1019 1767 1046 moveo
1805 1006 2024 1047 nonnullis
2057 1021 2123 1047 su-

423 1073 799 1129 spicionem-velle
833 1089 899 1115 me
937 1074 1159 1129 navigare,
1202 1075 1315 1128 quod
1348 1077 1493 1116 tamen
1525 1075 1710 1116 fortasse
1747 1090 1834 1117 non
1870 1076 2048 1129 nollem,
2086 1077 2123 1117 si

422 1158 595 1198 possem
629 1145 680 1185 ad
715 1145 870 1199 otium,
902 1159 1002 1186 nam
1035 1145 1087 1186 ad
1119 1144 1281 1186 bellum
1308 1144 1479 1198 quidem
1506 1145 1578 1199 qui
1606 1145 1835 1187 convenit?
1867 1146 2123 1200 praesertim

425 1217 574 1256 contra
606 1229 719 1270 eum,
759 1216 826 1256 cui
867 1231 991 1270 spero
1025 1230 1092 1256 me
1131 1215 1237 1256 satis
1270 1215 1440 1270 fecisse,
1479 1217 1533 1257 ab
1566 1231 1633 1270 eo,
1671 1216 1740 1257 cui
1771 1216 1858 1257 iam
1891 1216 1998 1258 satis
2029 1216 2123 1258 fieri

379 1298 384 1305 ·
424 1286 542 1326 1111110
576 1286 702 1327 1110ᾶο
735 1289 892 1340 potest.
944 1286 1094 1327 deinde
1121 1286 1385 1326 sententiam
1410 1300 1551 1327 meam
1576 1289 1624 1327 tu
1649 1287 1855 1328 facillime
1881 1287 2124 1341 perspicere

423 1356 606 1410 potuisti
633 1357 720 1398 iam
747 1357 800 1398 ab
827 1357 903 1398 1110
930 1360 1137 1411 tempore,
1167 1370 1263 1397 cum
1289 1356 1333 1397 in
1354 1356 1595 1398 Cumanum
1622 1357 1728 1398 mihi
1755 1357 1926 1398 obviam
1952 1357 2128 1398 venisti:

423 1442 509 1468 non
541 1428 655 1468 enim
687 1430 729 1469 te
763 1428 897 1469 celavi
929 1442 1171 1469 sermonem
1203 1427 1250 1469 T.
1283 1427 1448 1482 Amp113
1486 1428 1652 1483 vidisti,
1691 1442 1819 1482 quam
1852 1428 2128 1469 abhorrerem

424 1498 477 1538 ab
516 1499 621 1539 urbe
655 1498 952 1553 relinquenda,
990 1513 1085 1539 cum
1125 1498 1358 1540 audissem:
1396 1513 1536 1540 nonne
1576 1499 1659 1539 tibi
1698 1498 1920 1540 adfirmavi
1959 1498 2127 1552 quidvis

423 1582 490 1609 me
523 1569 669 1623 potius
702 1584 1008 1624 perpessurum
1041 1584 1170 1623 quam
1203 1584 1253 1610 ex
1281 1569 1411 1610 Italia
1443 1570 1496 1610 ad
1528 1569 1690 1611 bellum
1723 1569 1847 1611 civile
1880 1569 2127 1611 exiturum?

425 1638 524 1693 quid
558 1653 661 1694 ergo
695 1639 863 1694 accidit,
896 1655 971 1682 cur
1003 1640 1231 1682 consilium
1264 1642 1507 1682 mutarem?
1551 1655 1692 1682 nonne
1721 1640 1864 1682 omnia
1888 1641 2047 1695 potius,
2078 1643 2128 1682 ut

424 1709 469 1749 in
507 1710 722 1751 sententia
760 1711 1087 1763 permanerem?
1139 1710 1284 1751 credas
1329 1710 1411 1752 1100
1450 1710 1556 1751 1111111
1594 1711 1746 1766 velim,
1791 1711 1904 1765 quod
1940 1713 2048 1765 puto
2087 1713 2129 1752 te

424 1780 683 1833 existimare,
718 1795 784 1821 me
818 1795 868 1821 ex
900 1781 968 1821 his
995 1781 1181 1822 miseriis
1208 1781 1316 1821 nihil
1345 1781 1461 1822 aliud
1488 1796 1703 1835 quaerere,
1735 1781 1819 1822 nisi
1851 1783 1900 1822 ut
1931 1781 2129 1823 homines

425 1851 655 1905 aliquando
688 1851 946 1906 intellegant
978 1866 1045 1892 me
1077 1851 1186 1892 nihil
1220 1852 1422 1892 maluisse
1456 1866 1585 1905 quam
1616 1867 1784 1906 pacem,
1823 1866 1872 1892 ea
1904 1852 2131 1906 desperata

424 1921 532 1962 nihil
571 1924 660 1962 tam
698 1921 862 1976 fugisse
907 1937 1035 1976 quam
1073 1937 1193 1963 arma
1236 1922 1398 1964 civilia:
1442 1923 1571 1964 huius
1610 1937 1677 1963 me
1717 1923 1986 1964 constantiae
2023 1925 2129 1977 puto

425 1992 515 2034 fore
548 1995 596 2033 ut
627 2007 862 2046 numquam
894 1992 1125 2046 paeniteat.
1177 1992 1337 2034 etenim
1364 1993 1540 2034 memini
1573 1993 1618 2034 in
1648 1993 1731 2035 1100
1762 2007 1917 2048 genere
1949 1991 2128 2047 gloriari

426 2063 603 2103 solitum
643 2078 735 2104 esse
774 2062 1032 2103 familiarem
1076 2066 1277 2104 nostrum
1317 2062 1362 2112 Q.
1395 2063 1697 2117 Hortensium,
1742 2063 1855 2117 quod
1892 2077 2130 2116 numquam

424 2134 539 2174 bello
580 2134 695 2175 civili
733 2133 1018 2174 interfuisset:
1062 2134 1143 2175 hoc
1180 2137 1331 2175 nostra
1368 2134 1461 2175 laus
1505 2135 1587 2176 erit
1624 2133 1869 2188 inlustrior,
1915 2134 2027 2188 quod
2064 2133 2130 2174 illi

427 2203 702 2245 tribuebatur
746 2204 961 2259 ignaviae,
1007 2204 1056 2245 de
1101 2204 1226 2246 nobis
1265 2205 1308 2245 id
1346 2204 1586 2246 existimari
1629 2219 1756 2259 posse
1799 2219 1888 2246 non
1931 2203 2130 2245 arbitror.

426 2289 504 2315 nec
542 2289 608 2315 me
647 2275 733 2316 ista
771 2277 952 2329 terrent,
993 2289 1099 2329 quae
1139 2275 1245 2316 mihi
1284 2291 1309 2316 a
1346 2279 1388 2316 te
1429 2276 1480 2316 ad
1519 2276 1719 2317 timorem
1758 2274 1964 2316 fidissime
2002 2276 2130 2329 atque

428 2345 723 2386 amantissime
761 2348 1081 2401 proponuntur,
1121 2346 1241 2388 nulla
1273 2349 1339 2387 est
1371 2346 1485 2387 enim
1518 2345 1748 2400 acerbitas,
1787 2359 1893 2399 quae
1925 2359 2012 2386 non
2045 2346 2131 2386 em-

427 2415 554 2457 nibus
592 2416 673 2457 hac
712 2417 828 2458 orbis
868 2420 1083 2458 terrarum
1115 2417 1442 2471 perturbatione
1480 2416 1709 2470 inpendere
1747 2415 1960 2470 videatur,
2002 2430 2130 2469 quam

430 2486 599 2540 quidem
639 2501 718 2542 ego
759 2502 782 2528 a
819 2502 864 2528 re
903 2487 1078 2542 publica
1115 2487 1221 2528 meis
1261 2487 1443 2541 privatis
1482 2490 1524 2527 et
1562 2485 1808 2527 domesticis
1847 2485 2130 2527 incommodis

428 2557 714 2598 libentissime
752 2557 820 2598 vel
856 2558 954 2599 istis
995 2558 1121 2611 ipsis,
1166 2572 1273 2611 quae
1313 2560 1360 2598 tu
1399 2572 1465 2598 me
1510 2572 1658 2598 mones
1697 2560 1745 2597 ut
1783 2571 1972 2611 caveam,
2016 2556 2131 2597 rede-

430 2627 618 2668 missem.
669 2628 758 2668 filio
791 2643 905 2683 meo,
947 2643 1073 2683 quem
1113 2628 1193 2669 tibi
1226 2643 1373 2669 carum
1405 2642 1497 2669 esse
1531 2628 1717 2683 gaudeo,
1755 2627 1790 2668 si
1829 2627 1912 2668 erit
1943 2626 2032 2667 ulla
2063 2640 2130 2667 res

550 2807 579 2837 1.
609 2804 665 2836 est
690 2814 756 2837 om.
785 2804 817 2837 G
844 2805 854 2847 ΙΙ
879 2808 1094 2838 meum—2.
1123 2803 1221 2837 enim
1247 2815 1313 2838 om.
1342 2804 1374 2837 G
1407 2804 1417 2846 Η
1451 2806 1480 2837 7.
1508 2801 1584 2836 iam
1609 2802 1663 2841 M,
1691 2813 1756 2836 om.
1785 2801 1856 2835 GR
1881 2801 1892 2844 ΙΙ
1919 2803 1949 2834 8.
1977 2799 2131 2833 uoculas

432 2860 474 2882 ezr?
500 2849 652 2883 uoculns
674 2849 745 2893 M1,
772 2850 877 2883 uolas
900 2851 971 2885 GR
992 2852 1002 2894 Η
1022 2851 1251 2885 inaleuorum
1272 2851 1319 2883 M
1334 2851 1344 2894 Η
1367 2853 1419 2884 11.
1448 2861 1528 2883 sum
1554 2848 1732 2883 facillime
1753 2848 1820 2881 Mc
1838 2848 1849 2891 11
1872 2850 1924 2881 13.
1953 2845 2016 2890 qui
2036 2847 2129 2890 MR,

433 2896 528 2937 quod
554 2898 585 2928 G
606 2899 616 2940 l!
638 2900 690 2930 14.
720 2898 848 2930 contra
874 2908 982 2930 enum
1003 2899 1036 2930 ,Ω
1056 2899 1066 2941 ll
1087 2897 1145 2931 0111
1171 2897 1247 2931 iani
1268 2898 1630 2943 Mau-tynqt-Laquna,
1656 2894 1715 2928 cui
1739 2895 1818 2927 tam
1838 2894 1892 2936 M,
1921 2893 1980 2927 cui
2005 2894 2133 2927 tamen

435 2943 478 2984 G,
507 2942 622 2976 uitam
648 2944 683 2978 R
703 2945 714 2987 ΙΙ
736 2948 788 2978 17.
815 2944 854 2978 Τ.
876 2943 1018 2988 Ampii]
1046 2944 1180 2988 tampii
1206 2945 1298 2988 MG,
1326 2943 1428 2988 appii
1458 2944 1493 2978 R
1513 2945 1524 2987 ΙΙ
1545 2943 1753 2976 aborrerem
1773 2941 1827 2983 M,
1856 2940 2065 2974 aberrarem
2087 2941 2131 2983 G,

434 2988 598 3022 aberrem
624 2991 660 3024 R
686 2993 696 3034 ΙΙ
725 2994 777 3025 19.
805 2990 916 3024 ciuile
945 2991 1027 3033 GR,
1055 2990 1202 3025 ciuilem
1228 2991 1281 3025 M.
1310 2990 1419 3025 civile
1445 3002 1503 3024 me
1528 2990 1597 3024 alii
1621 2990 1632 3033 11
1661 2992 1714 3022 20.
1743 2986 1940 3021 consilium
1965 2987 2019 3029 M,
2046 2997 2131 3020 con-

435 3034 558 3068 silinm
584 3048 705 3070 11101111]
733 3038 803 3072 GR
823 3039 834 3081 ΙΙ
854 3042 909 3071 22.
938 3036 1049 3083 <ita>
1077 3037 1289 3071 existimare
1316 3038 1539 3081 Wesenberg),
1564 3046 1680 3070 errore
1699 3036 1710 3078 Η
1730 3038 1784 3069 ⁶27.
1812 3034 1895 3068 laus
1919 3034 2047 3085 nostra
2063 3034 2108 3086 ‘G
2123 3034 2134 3078 ξι

435 3084 490 3115 28,
519 3082 730 3117 existimare
756 3085 804 3118 M
819 3086 830 3128 11
856 3088 910 3119 29.
937 3083 1115 3118 fidissime
1143 3087 1186 3127 Ω,
1212 3084 1429 3118 fidelissime
1455 3084 1523 3118 alii
1547 3084 1557 3126 ΙΙ
1584 3085 1638 3116 29.
1661 3085 1716 3116 30.
1739 3082 1850 3124 atque
1878 3081 2133 3115 amantissune

435 3139 502 3162 om.
530 3129 564 3162 R
585 3131 595 3172 11
616 3133 668 3164 31.
696 3131 766 3164 hac
793 3143 836 3166 eas
861 3132 930 3166 1100
956 3132 1021 3165 ΖΙΙΓ
1040 3133 1050 3175 Η
1071 3136 1124 3165 32.
1154 3130 1367 3165 domesticis
1393 3131 1441 3174 R,
1467 3128 1680 3164 modesticis
1707 3129 1789 3163 MG

2143 950 2176 974 10

2147 1303 2179 1328 15

2148 1656 2181 1681 20

2150 2009 2183 2035 25

2150 2363 2185 2388 30
