2242 3496
772 152 1112 200 EP18'1‘V12ARVM
1137 153 1231 190 VIII.
1259 160 1289 190 8.
1798 155 1877 196 197

300 261 480 314 Itemque
508 263 670 303 semem·
696 263 855 315 placere
891 263 933 303 in
968 263 1156 304 Ciliciam
1183 264 1457 317 provinciam,
1498 263 1541 304 in
1570 269 1675 305 VIII
1702 265 1879 317 reliquas

175 332 431 386 provincias,
469 346 574 385 quas
604 334 807 385 praetorii
836 347 917 386 pro
949 337 1137 386 praetore
1173 335 1413 388 optinerent,
1454 348 1535 390 eos,
1571 336 1642 388 qui
1670 339 1879 389 praetores·

177 403 346 454 ficerunt
377 416 501 456 neque
532 403 576 444 in
601 404 861 456 provinciam
891 418 982 445 eum
1014 405 1183 457 imperio
1211 406 1392 459 fuerunt,
1423 419 1522 459 quos
1551 419 1690 447 eorum
1721 420 1770 447 (w
1793 420 1824 447 s.
1850 421 1879 447 e.

178 486 269 515 cum
300 473 470 525 imperio
509 474 554 514 in
584 474 825 526 fflovinee'as
854 488 933 527 pro
965 478 1152 527 praetore
1183 476 1290 517 mitti
1321 479 1531 530 oporteret,
1569 490 1634 518 eos
1665 477 1804 518 sortito
1838 478 1880 517 in

141 562 158 586 5
171 544 411 597 provincias
447 544 555 585 mitti
586 544 766 597 placere‚·
809 545 846 585 si
877 558 925 585 eu:
956 559 998 585 eo
1031 559 1215 600 numero,
1253 561 1351 599 quos
1384 548 1487 600 (ex)
1518 561 1548 588 3.
1580 562 1610 588 e.
1641 548 1687 588 in
1709 548 1878 600 provin—

176 614 263 656 cias
295 614 354 656 ire
385 618 597 668 oporteret,
629 615 686 656 ad
714 628 930 656 nmnerum
962 629 1042 656 non
1074 620 1218 666 essent,
1250 618 1321 670 qui
1353 619 1397 658 in
1428 631 1497 659 eas
1519 618 1758 671 provincias
1785 632 1876 672 pro-

174 685 465 739 ficiscerentur,
511 688 616 739 tum,
660 686 722 727 uti
757 686 939 738 quodffloe
978 687 1201 740 eonteyium
1238 689 1424 740 primum
1461 693 1701 742 praetorum
1736 690 1880 741 fuisset

176 769 300 810 neque
330 757 373 798 in
408 757 646 810 provincias
675 757 852 810 profecti
881 760 1026 812 essent,
1064 759 1123 799 ita
1154 762 1258 800 sorte
1289 760 1333 800 in
1363 761 1621 812 provinciam
1655 760 1877 813 proficisce-

176 829 340 877 rentur,·
381 828 418 869 si
448 828 485 869 ei
515 828 572 869 ad
600 841 817 869 numerum
848 841 931 869 non
962 832 1106 881 essent,
1140 832 1233 870 tune
1265 830 1447 882 deinceps
1472 831 1658 883 proscimi
1689 831 1879 884 cuiusque

127 916 160 940 ιο
177 898 333 952 colleqii
368 899 440 952 qui
473 901 681 951 praetores
716 899 892 951 fuissent
928 912 1054 952 neque
1089 900 1134 940 in
1167 901 1406 952 provincias
1440 902 1615 954 profecti
1645 905 1789 956 essent,
1833 903 1877 943 in

174 972 321 1012 sortem
352 969 608 1023 coicerentur,
639 970 775 1023 quoad
804 970 841 1011 is
871 983 1066 1012 numerus
1095 970 1258 1021 effeetus
1287 975 1400 1022 esset,
1431 987 1546 1025 quem
1577 974 1634 1015 acl
1662 987 1875 1015 numerum

175 1040 221 1081 in
243 1040 482 1093 provincias
514 1041 624 1082 mitti
648 1044 866 1094 oporteret‚·
904 1041 942 1083 si
971 1041 1063 1094 quis
1093 1041 1185 1083 Incie
1214 1054 1244 1082 s.
1271 1055 1301 1083 e.
1334 1043 1625 1097 intercessisset,
1656 1045 1878 1086 auctoritas

168 1111 495 1164 perscriberetur.
554 1111 649 1154 huic
678 1126 708 1154 s.
734 1125 763 1154 c.
795 1112 1020 1154 intercessit
1052 1111 1093 1154 C.
1121 1111 1300 1167 Caelius,
1333 1112 1375 1154 (J.
1406 1113 1545 1156 Pansa
1578 1118 1624 1156 tr.
1650 1116 1709 1168 pl.

294 1181 376 1224 Illa
406 1185 631 1237 praeterea
656 1181 730 1225 Cn.
754 1182 933 1237 Pompei
967 1186 1068 1224 sunt
1094 1183 1402 1236 animadversa,
1436 1200 1542 1238 quae
1570 1185 1753 1226 maxime
1781 1200 1876 1227 con·
1903 1199 1912 1226 ε

123 1268 156 1294 15
174 1252 397 1295 fidentiam
430 1253 671 1295 attulerunt
702 1254 969 1308 hominibus,
1011 1257 1059 1295 ut
1092 1254 1252 1296 diceret
1285 1269 1329 1296 se
1363 1259 1459 1296 ante
1494 1256 1542 1296 K.
1576 1255 1757 1297 Martias
1790 1272 1874 1298 non

174 1338 300 1378 posse
333 1324 424 1366 sine
457 1324 615 1366 iniuria
647 1325 698 1366 de
729 1324 963 1380 provinciis
997 1323 1194 1367 Caesaris
1235 1328 1442 1379 statuere,
1481 1330 1580 1380 post
1614 1326 1661 1367 K.
1695 1326 1876 1368 Martias

174 1409 219 1437 se
249 1410 337 1437 non
362 1396 682 1450 dubitaturum3
715 1410 812 1438 cum
838 1396 1194 1451 interrogaretur,
1227 1397 1278 1438 ‘si
1312 1397 1385 1451 qui
1418 1400 1509 1438 tum
1536 1397 1876 1451 intercederent',

173 1465 284 1508 dixit
320 1466 403 1508 hoc
440 1467 549 1508 nihil
592 1467 819 1522 interesse,
863 1470 1012 1509 utrum
1051 1465 1095 1509 C.
1130 1466 1288 1510 Caesar
1330 1469 1496 1510 senatui
1541 1469 1654 1510 dicto
1700 1469 1874 1510 audiens

172 1536 346 1579 futurus
377 1552 464 1579 non
498 1541 612 1580 esset
644 1553 699 1579 an
730 1538 916 1594 pararet,
949 1539 1020 1594 qui
1047 1542 1247 1581 senatum
1274 1539 1498 1580 decernere
1526 1554 1612 1581 non
1639 1543 1875 1594 pateretur,

120 1624 154 1648 20
175 1607 304 1664 ‘quid,
337 1607 402 1663 si',
434 1609 577 1663 inquit
609 1609 738 1665 alius,
776 1609 842 1651 ‘et
875 1610 1023 1652 consul
1056 1625 1148 1651 esse
1181 1613 1225 1651 et
1258 1610 1493 1652 exercitum
1519 1611 1676 1652 habere
1709 1611 1874 1653 voletP'

174 1681 220 1721 at
250 1679 324 1721 ille
358 1694 487 1734 quam
520 1680 771 1722 clementer:
804 1680 939 1735 equid,
972 1681 1007 1722 si
1041 1681 1155 1722 filius
1184 1695 1304 1722 meus
1330 1681 1490 1722 fustem
1518 1681 1623 1722 milii
1651 1682 1873 1737 inpingere

174 1749 342 1792 volet‘?'
390 1750 459 1792 his
486 1751 677 1805 vocibus,
709 1754 758 1792 ut
783 1751 1084 1793 existimarent
1108 1751 1307 1793 homines
1333 1751 1540 1807 Pompeio
1569 1767 1665 1794 cum
1693 1752 1874 1794 Caesare

172 1835 266 1863 esse
309 1821 553 1877 negotium,
596 1821 754 1876 effecit3
800 1822 946 1877 itaque
991 1823 1096 1878 iam,
1139 1826 1188 1864 ut
1228 1823 1370 1878 video,
1416 1823 1596 1864 alteram
1639 1827 1782 1865 utram
1823 1825 1873 1865 ad

173 1892 469 1935 condicionem
495 1893 749 1935 descendere
779 1893 870 1934 vult
897 1891 1068 1948 Caesar,
1100 1897 1148 1935 ut
1181 1897 1256 1935 aut
1288 1897 1460 1936 maneat
1491 1908 1628 1948 neque
1654 1894 1736 1936 hoc
1763 1910 1874 1936 anno

119 1978 152 2003 25
173 1978 251 2005 sua
291 1963 403 2005 ratio
441 1963 670 2017 habeatur,
716 1967 809 2019 aut,
854 1965 890 2005 si
928 1964 1145 2021 designari
1183 1965 1362 2019 poterit,
1407 1965 1596 2006 decedat.
1659 1964 1788 2007 Curio
1828 1981 1871 2007 se

171 2037 323 2077 contra
353 2049 450 2076 eum
489 2038 632 2077 totum
664 2038 806 2090 parat:
849 2035 950 2090 quid
983 2036 1160 2090 adsequi
1198 2036 1354 2090 possit,
1392 2037 1556 2090 neseio,
1594 2036 1698 2078 illud
1738 2036 1872 2090 video,

171 2106 278 2148 bene
311 2106 580 2160 sentientem,
613 2107 693 2147 etsi
728 2106 837 2147 nihil
870 2106 1080 2161 effecerit,
1113 2107 1261 2148 cadere
1294 2121 1380 2148 non
1411 2121 1549 2161 posse.
1613 2122 1679 2148 me
1712 2110 1873 2149 tractat

171 2176 410 2219 liberaliter
442 2175 573 2218 Curio
613 2179 657 2218 et
694 2176 802 2218 mihi
841 2192 918 2218 suo
958 2192 1133 2219 munere
1166 2177 1391 2232 negotium
1431 2178 1641 2232 inposuit,
1679 2192 1798 2231 nam,
1838 2178 1873 2219 si

172 2247 279 2289 mihi
309 2262 396 2290 non
429 2247 618 2289 dedisset
650 2262 740 2302 eas,
782 2262 888 2302 quae
922 2249 975 2290 ad
1006 2249 1129 2290 ludos
1163 2248 1201 2289 ei
1234 2248 1436 2290 advectae
1475 2251 1597 2289 erant
1630 2248 1871 2290 Africanae.

289 2403 322 2436 2.
349 2399 522 2435 obtinent
547 2401 770 2446 llesenbevy,
795 2412 869 2435 non
894 2405 993 2435 reete.
1047 2402 1091 2443 ef.
1124 2400 1150 2433 ΙΙ
1159 2400 1280 2434 illems
1306 2401 1338 2433 ss
1360 2413 1397 2444 p
1420 2402 1567 2443 593113.
1596 2399 1633 2433 in
1660 2398 1869 2443 plouiniam

169 2448 250 2492 (sic)
271 2447 324 2491 M,
351 2446 391 2481 in
415 2447 610 2493 prouincia
630 2448 672 2482 G.
714 2447 754 2482 in
778 2446 990 2492 provincias
1017 2460 1046 2482 e
1073 2446 1095 2481 i.
1124 2446 1272 2481 iverunt
1296 2448 1455 2491 (debebat
1481 2447 1617 2483 ier'unt)
1652 2447 1674 2479 ΙΙ
1683 2447 1867 2491 ε3ωιὺει9,

169 2495 215 2538 cf.
242 2494 385 2541 Reisiy-
389 2495 593 2541 Landgraf
610 2496 716 2531 schol.
742 2506 772 2530 s
761 2499 837 2541 Jnt
865 2495 948 2529 Lat.
971 2507 1009 2538 μ.
1031 2497 1097 2527 697
1130 2495 1141 2537 ΙΙ
1174 2497 1323 2528 senatus
1351 2493 1518 2528 consulto
1547 2495 1596 2535 G,
1625 2495 1757 2527 senatu
1784 2504 1867 2527 con-

170 2541 271 2576 sultu
297 2542 345 2577 Μ
371 2544 382 2587 ΙΙ
413 2545 446 2577 4.
473 2544 642 2587 oportere
668 2543 717 2577 M
743 2544 754 2587 ΙΙ
786 2546 816 2577 5.
845 2553 889 2576 ex
916 2554 942 2576 s.
970 2542 1016 2593 εξ]
1045 2554 1070 2575 3.
1099 2552 1127 2575 c
1156 2541 1208 2584 M,
1236 2554 1301 2576 om.
1332 2542 1365 2576 G
1395 2543 1406 2585 ΙΙ
1438 2545 1469 2576 6
1496 2540 1542 2575 iri
1569 2523 1602 2576 G
1628 2544 1639 2584 ΙΙ
1665 2542 1763 2574 esset
1789 2540 1839 2576 G¹

171 2593 201 2624 7.
221 2589 451 2635 praetorum]
476 2601 511 2634 p.
532 2602 559 2624 r.
580 2590 635 2633 M,
662 2602 727 2625 om.
752 2589 785 2624 G
804 2591 816 2633 ΙΙ
836 2593 866 2623 8.
894 2587 1103 2633 provincias
1125 2599 1145 2624 ς
1165 2590 1176 2632 Η
1197 2592 1226 2622 9.
1255 2587 1286 2622 si
1307 2587 1357 2633 ei]
1385 2587 1415 2622 si
1436 2587 1462 2622 ii
1483 2589 1537 2631 M,
1564 2588 1627 2622 sed
1656 2587 1686 2621 si
1714 2587 1783 2621 ΙΙΙ·
1808 2587 1861 2621 G

169 2636 275 2682 tunc]
302 2637 382 2671 tum
409 2637 633 2682 Wesenberffl
659 2638 743 2672 bene
773 2638 784 2681 ΙΙ
824 2640 875 2670 11.
904 2634 1161 2670 conicerentur
1188 2636 1220 2670 G
1259 2637 1270 2678 ΙΙ
1307 2635 1431 2679 quoad
1456 2635 1488 2669 is
1517 2617 1561 2679 G,
1589 2635 1688 2679 quod
1715 2633 1770 2668 ais
1798 2634 1845 2668 M

170 2682 323 2718 effectus
355 2695 421 2719 om.
456 2685 490 2720 G
527 2687 538 2728 Η
578 2687 631 2718 12.
652 2689 685 2719 et
706 2688 759 2718 13
789 2685 938 2717 senatus
971 2681 1159 2716 consultus
1193 2684 1225 2725 (-
1235 2693 1294 2715 um
1325 2683 1371 2726 G)
1407 2682 1486 2718 MG
1520 2685 1531 2727 Η
1570 2686 1622 2717 13,
1657 2681 1795 2716 coelius
1826 2694 1870 2716 ex

169 2729 310 2766 caelius
337 2731 415 2774 Μ’,
451 2730 634 2766 cornelius
663 2732 695 2766 G
727 2732 738 2774 ΙΙ
770 2729 940 2764 tribunus
972 2729 1054 2763 MG
1085 2731 1095 2772 ΙΙ
1127 2729 1246 2773 plebis
1274 2729 1322 2763 M
1347 2731 1358 2773 Η
1392 2733 1444 2764 16.
1473 2729 1657 2775 Caesaris]
1691 2739 1787 2763 caes.
1814 2729 1868 2772 M,

169 2788 320 2813 censum
356 2778 390 2814 G
432 2780 444 2822 ΙΙ
492 2781 545 2812 17.
584 2779 672 2812 tune
709 2778 741 2812 G
791 2779 802 2821 ss
853 2780 906 2811 19.
945 2778 1092 2820 pareret
1128 2776 1161 2811 G
1204 2778 1215 2820 ΙΙ
1259 2780 1314 2811 20.
1353 2776 1476 2820 inquis
1512 2777 1591 2811 MG'
1635 2778 1646 2820 Η
1689 2787 1760 2811 cos.
1797 2776 1869 2816 M]

168 2826 268 2860 esset
296 2825 330 2861 G
365 2826 377 2869 ΙΙ
415 2825 530 2859 uellet
557 2825 590 2859 G
627 2826 638 2868 ΙΙ
677 2828 731 2857 21.
765 2824 811 2858 ad
839 2823 903 2857 ille
929 2824 982 2857 M.
1023 2824 1110 2856 at-
1136 2828 1178 2856 2⁵2.
1223 2823 1324 2858 volet
1355 2835 1420 2858 om.
1449 2825 1479 2857 G
1518 2826 1528 2867 Η
1566 2827 1621 2858 23.
1655 2822 1771 2857 efficit
1796 2823 1843 2857 M

168 2876 224 2908 2⁴.
262 2872 357 2918 vult]
397 2872 497 2906 volet
536 2872 591 2906 W.
623 2871 756 2914 Teuffel
793 2871 897 2915 (mus.
932 2870 1047 2905 Rhen.
1086 2869 1203 2904 XXIX
1230 2883 1267 2915 p.
1295 2873 1378 2914 364)
1422 2872 1433 2915 ΙΙ
1483 2870 1633 2916 Caesar]
1673 2870 1866 2904 Caesarem

168 2920 212 2954 J..
239 2919 434 2964 Holzapsel
468 2919 614 2963 (Philol.
648 2917 760 2952 XLVI
787 2930 824 2962 p.
853 2919 956 2960 647),
996 2918 1090 2961 quod
1127 2929 1189 2962 690
1228 2929 1363 2962 quoque
1401 2919 1600 2963 aliquando
1639 2919 1868 2959 coniecerant,

169 2977 252 3002 mox
288 2967 486 3002 abieceram
530 2967 542 3010 ΙΙ
584 2970 638 3000 25.
677 2965 759 3010 sua]
802 2964 859 2998 sui
891 2964 1018 2998 Aldus.
1076 2965 1121 3006 ef.
1155 2965 1250 2999 Boot
1283 2966 1331 2999 acl
1366 2964 1435 3000 Cic.
1470 2966 1518 2999 ad
1551 2966 1626 2999 Ati.
1653 2963 1731 3007 VII,
1759 2968 1791 3008 9,
1818 2970 1837 2999 4

170 3011 201 3046 si
238 3025 305 3048 om.
339 3012 388 3048 G¹
427 3015 438 3057 ΙΙ
474 3013 628 3058 poterit]
668 3011 828 3046 voluerit
866 3011 1061 3055 Holzapfel
1096 3012 1117 3046 l.
1145 3023 1172 3047 c.
1216 3013 1227 3055 ΙΙ
1272 3015 1325 3045 26.
1366 3011 1455 3055 quid
1489 3013 1548 3055 M,
1587 3011 1686 3055 quod
1723 3023 1771 3046 an
1806 3011 1838 3046 G

171 3062 225 3094 28.
259 3060 311 3105 et]
343 3060 408 3094 secl
434 3061 615 3105 Pluyyers
646 3062 679 3103 (1
705 3061 846 3103 11.276)
883 3059 894 3102 ΙΙ
932 3062 987 3093 29.
1021 3068 1083 3092 eas
1115 3070 1180 3094 om.
1217 3059 1249 3093 G'
1287 3061 1298 3102 Η
1335 3058 1484 3094 aduecti
1515 3059 1575 3102 M,
1612 3058 1771 3094 aduecta
1805 3059 1838 3095 G

170 3105 384 3152 Africanae]
410 3108 456 3151 ef.
482 3108 589 3153 Bury
609 3119 648 3152 p.
669 3110 712 3140 37

1906 278 1926 305 8

1904 1979 1942 2007 10
