2242 3496
517 184 854 220 EPISTVLARVM
883 185 975 220 Xlll.
1006 189 1057 220 11.
1087 188 1139 219 12.
1171 190 1221 219 13.
1253 189 1303 219 1-1.
1335 189 1386 219 15.
1753 186 1840 226 349

144 293 334 334 amicitia
379 293 458 334 tibi
504 294 774 335 commendo:
818 294 885 336 cui
931 294 1270 348 quibuscumque
1317 293 1443 334 rebus
1488 294 1839 347 commodaveris,

144 364 223 404 tibi
256 364 448 418 profecto
483 364 725 418 iucundum,
759 364 862 405 mihi
897 368 1010 406 certe
1043 365 1126 406 erit
1158 368 1342 420 gratum.
1393 363 1496 405 vale.

840 495 954 536 xlv.
999 496 1135 549 (2ου.)

740 587 952 632 CICERO
988 588 1180 630 BRVTO
1215 588 1255 631 S.

261 682 307 724 L.
345 683 461 725 Titio
509 683 742 737 Strabone,
794 684 938 738 equite
984 683 1033 724 R.
1077 684 1120 724 in
1164 684 1315 737 primis
1361 684 1543 725 honesto
1589 687 1631 724 et
1676 686 1884 738 ornato71

140 752 476 796 familiarissimo
510 758 626 808 utor,
669 755 813 796 omnia
846 754 951 795 mihi
985 769 1081 796 cum
1119 768 1169 795 eo
1208 754 1479 795 intercedunt
1519 754 1611 795 iura
1649 769 1839 796 summae

140 825 486 866 necessitudinis:
528 825 628 866 huic
659 824 704 866 in
736 828 811 866 tua
843 825 1065 879 provincia
1103 824 1327 878 pecuniam
1366 825 1493 866 debet
1524 824 1569 866 P.
1597 825 1841 881 Cornelius3

140 908 190 935 ea
226 909 294 936 res
328 910 353 936 a
383 895 609 949 Volcacio,
655 895 727 949 qui
767 895 930 937 Romae
976 895 1042 936 ius
1088 894 1212 949 dicit,
1256 895 1414 936 reiecta
1453 896 1496 936 in
1536 895 1723 938 Galliam
1763 899 1841 938 est.

138 967 240 1018 peto
273 980 298 1006 a
330 968 371 1007 te
403 965 485 1007 hoc
517 966 781 1021 diligentius,
815 981 943 1021 quam
974 966 1011 1007 si
1039 981 1134 1007 mea
1160 980 1227 1007 res
1256 968 1381 1020 esset,
1413 980 1496 1020 quo
1525 970 1590 1008 est
1616 967 1840 1009 honestius
1868 983 1887 1011 ι»

86 1059 120 1083 10
139 1035 189 1077 de
234 1036 471 1078 amicorum
515 1036 696 1091 pecunia
738 1037 936 1078 laborare
981 1052 1110 1091 quam
1155 1037 1204 1077 dc
1251 1052 1345 1088 sua,
1391 1040 1439 1078 ut
1481 1038 1704 1093 negotium
1744 1053 1838 1080 con-

140 1106 367 1149 ficiendum
401 1122 537 1163 cures,
569 1108 659 1162 ipse
687 1108 909 1162 suscipias,
942 1108 1159 1164 transigas
1188 1122 1446 1162 operamque
1474 1108 1559 1162 des,
1592 1109 1733 1163 quoad
1758 1109 1838 1149 tibi

139 1192 287 1220 aecum
330 1181 374 1220 et
417 1181 583 1220 rectum
635 1178 866 1234 videbitur,
916 1182 964 1219 ut
1009 1193 1138 1233 quam
1189 1179 1540 1220 commodissima
1591 1178 1840 1221 condicione

138 1248 320 1291 libertus
354 1248 594 1305 Strabonis,
627 1250 701 1305 qui
734 1250 824 1292 eius
852 1250 912 1292 rei
941 1265 1069 1292 causa
1095 1250 1254 1291 missus
1283 1253 1359 1303 est,
1391 1250 1614 1306 negotium
1641 1249 1842 1291 conficiat

138 1320 190 1361 ad
222 1335 508 1376 nummosque
539 1321 774 1376 perveniat.
829 1321 872 1362 id
905 1325 949 1363 et
981 1321 1087 1362 mihi
1120 1321 1416 1377 gratissimum
1459 1321 1541 1362 erit
1580 1323 1622 1362 et
1660 1324 1708 1362 tu
1748 1321 1838 1375 ipse

86 1413 118 1438 15
138 1390 185 1433 L.
210 1390 375 1433 Titium
407 1407 641 1448 cognosces
675 1392 867 1434 amicitia
899 1396 975 1434 tua
1007 1392 1321 1448 dignissimum.
1379 1392 1492 1445 quod
1525 1395 1572 1432 ut
1604 1391 1685 1432 tibi
1713 1406 1839 1432 curae

137 1462 206 1517 sit,
236 1465 285 1504 ut
317 1464 462 1505 omnia
495 1464 635 1506 solent
667 1479 772 1518 esse,
805 1478 912 1518 quae
946 1479 1012 1505 me
1045 1463 1154 1505 velle
1188 1463 1291 1517 seis,
1324 1465 1365 1503 te
1399 1462 1674 1504 veliementer
1707 1462 1839 1503 etiam

136 1536 266 1588 atque
299 1534 430 1576 etiam
464 1550 582 1591 rogo.

853 1605 946 1646 xv.
991 1603 1129 1661 (279.)

631 1698 842 1742 oloERo
876 1698 1127 1741 CAESAR]
1162 1699 1278 1740 IMP.
1314 1698 1353 1739 s,

84 1817 117 1842 20
253 1793 484 1836 Precilium
519 1795 598 1835 tibi
633 1795 882 1836 commendo
915 1794 1056 1849 unice,
1097 1794 1160 1835 tui
1192 1792 1442 1848 necessarii,
1477 1792 1560 1834 mei
1592 1793 1836 1834 familiaris-
1867 1810 1878 1838 1

136 1865 253 1921 simi,
290 1865 371 1906 viri
410 1865 581 1920 optimi,
620 1866 775 1921 filium,
821 1880 947 1920 quem
987 1880 1082 1907 cum
1123 1865 1441 1906 adulescentem
1479 1864 1621 1919 ipsum
1659 1867 1838 1919 propter

135 1937 226 1978 eius
258 1935 533 1990 modestiam,
564 1936 903 1986 humanitatem,
936 1934 1127 1976 animum
1160 1936 1203 1975 et
1236 1948 1426 1975 amorem
1459 1947 1562 1989 erga
1594 1949 1661 1975 me
1695 1934 1838 1989 singu-

134 2007 270 2048 larem
303 2006 661 2063 mirifice‘diligo,
694 2010 788 2047 tum
819 2008 987 2060 patrem
1020 2005 1111 2046 eius
1144 2020 1187 2046 re
1222 2005 1373 2046 doctus
1407 2004 1601 2046 intellexi
1634 2008 1677 2046 et
1710 2005 1837 2047 didici

135 2077 242 2119 mihi
273 2076 407 2120 fuisse
440 2092 609 2133 Semper
642 2077 963 2120 amicissimum.
1020 2091 1087 2118 em
1118 2076 1189 2118 hic
1221 2076 1294 2117 ille
1327 2078 1393 2117 est
1425 2075 1474 2116 de
1507 2075 1615 2130 illis,
1653 2076 1837 2117 maxime

80 2170 115 2197 25
135 2149 208 2204 qui
239 2147 423 2190 inridere
457 2152 584 2203 atque
618 2149 846 2205 obiurgare
879 2163 946 2189 me
986 2147 1142 2189 solitus
1183 2150 1266 2202 est,
1312 2147 1424 2201 quod
1464 2161 1530 2188 me
1562 2161 1650 2189 non
1681 2149 1837 2201 tecum,

132 2219 389 2274 praesertim
421 2234 518 2261 cum
550 2234 627 2274 aps
659 2222 701 2261 te
734 2217 1171 2261 honorificentissime
1201 2218 1421 2272 invitarer,
1454 2217 1777 2273 coniungerem,

346 2300 439 2344 ἀλλ’
478 2301 583 2357 ἐμὸν
616 2302 670 2344 οὔ
701 2317 804 2344 ποτε
837 2301 987 2355 θυμὸν
1021 2298 1086 2342 ἐνὶ
1119 2302 1359 2355 στήθεσσιν
1393 2301 1591 2342 ἔπειθεν·

133 2385 360 2426 audiebam
394 2385 508 2427 enim
540 2388 714 2427 nostros
747 2398 946 2439 proceres
979 2382 1265 2425 clamitantis:

346 2468 527 2522 ἄλκιμος
559 2466 667 2521 ἔσσ’,
699 2468 772 2508 ἵνα
805 2469 870 2517 τίς
901 2478 948 2508 σε
980 2465 1053 2508 καὶ
1086 2465 1310 2520 ὀψιγόνων
1343 2463 1392 2508 εὖ
1425 2470 1536 2522 εἴπῃ.

79 2562 113 2586 :20
346 2538 404 2588 ὣς
434 2539 563 2594 φάτο,
595 2539 672 2580 τὸν
705 2535 746 2579 δ’
783 2539 910 2594 ἄχεος
939 2536 1101 2592 νεφέλη
1135 2536 1323 2588 ἐκάλυψε
1356 2536 1551 2592 μέλαινα.

251 2670 281 2702 1.
308 2666 601 2702 commodaueris
628 2667 720 2712 HD,
747 2664 1064 2702 commendaueris
1091 2665 1140 2700 M
1154 2667 1165 2710 ss
1185 2669 1216 2700 2.
1243 2665 1508 2718 Μὶηειιηᾶιιιῃ,
1535 2669 1554 2699 2
1577 2666 1644 2701 litt.
1666 2665 1833 2706 o·c1.s.‚]ll,

130 2716 226 2750 unde
251 2714 323 2748 erit
347 2714 416 2749 iuc.
446 2714 557 2749 Klotz
587 2716 598 2757 Η
630 2718 661 2749 2,
688 2714 773 2748 uale
798 2714 899 2757 MD,
925 2712 1036 2748 ualde
1062 2713 1107 2747 H
1133 2714 1145 2756 ΙΙ
1176 2716 1207 2747 5.
1235 2712 1320 2747 titio
1347 2713 1402 2756 D,
1427 2713 1518 2747 ticio
1545 2714 1601 2757 H,
1628 2712 1762 2748 titione
1791 2715 1834 2747 M

129 2761 229 2806 (titio
254 2763 331 2797 ind.
358 2761 465 2806 ΜΗ)
485 2763 497 2806 {l
519 2766 547 2796 7.
575 2761 632 2807 l'.]
658 2761 824 2807 pupillus
855 2763 920 2805 ΨΗ
940 2764 970 2796 8.
997 2759 1167 2794 uulcacio
1196 2760 1248 2803 M,
1276 2759 1441 2794 uulcatio
1468 2760 1558 2795 IID.
1604 2762 1647 2802 cf.
1676 2760 1709 2803 I,
1732 2765 1761 2805 1,
1784 2764 1804 2794 3

131 2814 162 2845 9.
189 2819 262 2854 quo
288 2810 343 2853 M,
370 2808 469 2853 quod
496 2809 576 2844 HD
601 2810 612 2852 ΙΙ
643 2812 696 2842 12.
724 2819 883 2853 aequum
910 2808 990 2843 HD
1019 2808 1031 2851 ΙΙ
1064 2810 1117 2842 13.
1143 2806 1300 2841 libertus
1327 2807 1381 2851 M,
1407 2806 1563 2842 liberius
1589 2807 1670 2842 HD
1689 2809 1700 2852 ΙΙ
1720 2818 1834 2842 causa

129 2856 184 2892 rei
209 2857 253 2892 H
268 2858 280 2902 ΙΙ
299 2860 354 2891 20.
382 2855 576 2901 precilium
598 2856 683 2890 ΜΗ
708 2860 741 2891 et
765 2857 841 2891 iml.
869 2856 928 2900 (cf.
958 2856 993 2890 (J.
1015 2855 1045 2888 I.
1067 2854 1111 2889 L.
1132 2853 1165 2888 V
1185 2857 1255 2898 35),
1284 2853 1503 2898 praecilium
1523 2854 1571 2888 D.
1612 2866 1833 2899 praenomen

130 2904 245 2948 (Ὺοττ.
271 2904 344 2950 Ρ.’)
369 2904 586 2939 desideravit
612 2903 735 2949 Kleyn
756 2905 842 2947 1124,
869 2913 927 2937 em
952 2903 1013 2945 M,
1040 2912 1104 2936 om.
1130 2900 1220 2936 HD.
1265 2911 1310 2935 en
1337 2912 1369 2938 ς.
1407 2902 1452 2944 cf.
1474 2902 1520 2936 A.
1543 2901 1681 2936 Ko'hler
1707 2902 1831 2938 ‘Al-ch.

129 2951 156 2994 f.
177 2951 238 2986 lat.
260 2951 466 2997 Leaeicoyrf
494 2950 544 2985 VI
562 2962 598 2995 p.
621 2953 666 2984 28
679 2961 728 2995 sq.
749 2952 760 2995 ΙΙ
781 2950 825 2984 de
844 2949 920 2984 illis
941 2950 996 2994 M,
1022 2960 1086 2983 om.
1110 2948 1200 2983 HD.
1228 2948 1272 2982 de
1293 2947 1370 2982 tuis
1391 2948 1602 2993 Wesenberg]
1621 2949 1633 2994 ΙΙ
1651 2952 1706 2984 25.
1729 2949 1832 2984 soliti

131 2999 218 3033 sunt
242 3008 275 3036 ς.
318 2999 363 3042 cf.
390 2998 548 3044 Reisiyii
572 2998 678 3033 schol.
705 3002 798 3043 synt.
824 2998 909 3032 Lat.
938 3008 976 3042 p.
998 2998 1041 3030 32
1055 3006 1104 3040 sq.
1137 2996 1189 3030 ed.
1216 2995 1378 3031 Selmmlz
1409 2999 1441 3030 et
1474 2995 1613 3031 Vahlen
1643 2997 1719 3032 ind.
1757 2998 1832 3033 lect.

130 3045 249 3081 Berol.
278 3046 440 3092 1891s92
462 3057 499 3091 p.
523 3049 563 3079 11
586 3047 671 3089 1127.
699 3043 798 3091 ἀλλ’]
826 3044 933 3080 Hom.
959 3058 982 3090 η
1009 3045 1088 3078 258.
1133 3047 1285 3078 ceterum
1311 3042 1391 3076 HI)
1415 3047 1577 3078 orzonstra
1607 3044 1749 3087 adferre
1773 3046 1830 3079 in-

129 3093 220 3127 utile
242 3094 254 3137 ΙΙ
282 3096 337 3128 28.
364 3092 544 3128 audiebat
568 3092 612 3127 H
638 3095 649 3137 ΙΙ
681 3096 736 3127 29.
764 3092 932 3138 ἄλκιμος]
960 3106 984 3126 α
1011 3093 1077 3125 302
1097 3091 1109 3135 ΙΙ
1129 3101 1215 3124 εσσα
1245 3092 1284 3124 Ψ
1312 3092 1323 3134 Η
1355 3094 1409 3124 30.
1437 3088 1500 3136 ὣς]
1528 3103 1555 3124 ω
1582 3094 1659 3126 315.
1700 3092 1833 3136 plenus

130 3149 252 3174 ‘versus
277 3144 326 3175 est
351 3141 389 3175 in
417 3140 508 3185 HD,
535 3142 575 3174 ‘in
601 3141 660 3175 M:
688 3154 735 3180 ως
761 3142 852 3184 cmlii
882 3142 1043 3185 εκιιλυψε
1071 3139 1226 3182 μελαινα

1729 3227 1748 3244 0
