2242 3496
666 221 1001 257 EPlS'rVLARVM
1031 222 1122 256 XVI.
1153 225 1194 255 10
1235 225 1286 255 11.
1317 223 1369 255 1⁵2.
1781 219 1867 259 433

177 332 358 388 profecti
391 337 526 386 erant,
558 336 708 387 postea
740 346 869 386 quam
901 334 1075 372 senatus
1103 328 1363 382 consulibus,
1395 343 1469 383 pr.,
1500 330 1551 368 tr.
1581 327 1634 382 pl.
1663 330 1705 367 et
1731 328 1868 382 nobis,
1894 339 1913 369 3

176 403 249 458 qui
280 417 358 457 pro
390 417 476 445 cOS.
510 418 675 455 sumuS,
713 402 936 457 negotium
969 402 1160 452 ‹leder-at,
1200 403 1248 441 ut
1281 413 1546 452 curaremus,
1583 412 1635 438 ne
1668 398 1769 452 quid
1803 412 1869 438 res

175 489 216 529 p.
260 473 508 515 detrimenti
554 477 741 528 caperet:
787 487 1021 527 numquam
1067 471 1227 512 maiore
1273 471 1317 512 in
1358 469 1546 524 periculo
1586 468 1738 510 civitas
1777 467 1871 519 fuit,

176 559 410 599 numquam
450 544 635 599 improbi
675 545 787 585 cives
820 543 1064 584 habuerunt
1096 542 1357 596 paratiorem
1389 541 1549 582 ducem.
1613 538 1787 580 omnino
1821 552 1870 578 ex

142 615 257 656 shac
295 630 464 670 quoque
505 619 624 670 parte
663 614 993 670 diligentissime
1032 615 1324 666 comparatur:
1362 611 1403 652 id
1442 610 1492 651 fit
1530 609 1789 651 auctoritate
1829 611 1872 649 et

72 671 82 681 ⁰
178 686 321 727 studio
367 686 542 740 Pompei
586 685 743 738 nostri,
794 685 866 739 qui
912 682 1138 725 Caesarem
1184 697 1277 724 sero
1323 681 1465 735 coepit
1509 681 1673 722 timere.
1747 678 1873 720 nobis

177 756 290 798 inter
321 756 399 798 has
431 756 580 798 turbas
613 759 787 797 senatus
821 759 965 796 tamen
996 753 1197 808 frequens
1230 751 1444 808 flagitavit
1476 751 1761 806 triumphum,
1801 749 1874 791 sed

179 826 385 868 Lentulus
423 827 590 880 consul,
629 841 712 881 quo
751 826 888 867 maius
925 839 1048 866 suum
1082 822 1337 865 beneficium
1369 822 1547 873 faceret,
1585 821 1714 862 simul
1747 822 1874 874 atque

179 898 432 952 expedisset,
476 911 583 952 quae
628 900 771 938 essent
814 895 1056 937 necessaria
1100 894 1149 935 de
1194 909 1239 935 re
1284 909 1344 948 p.,
1387 892 1495 934 dixit
1538 906 1580 933 se
1626 891 1875 931 relaturum.

129 984 160 1006 ιο
178 982 258 1010 nos
291 966 458 1022 agimus
490 966 597 1008 nihil
631 967 782 1021 cupide
816 980 950 1020 eoque
983 967 1050 1006 est
1080 967 1230 1006 nostra
1261 963 1397 1018 pluris
1425 963 1674 1004 auctoritas.
1724 960 1875 1002 Italiae

180 1038 377 1093 regiones
404 1038 634 1091 discriptae
662 1040 774 1091 sunt,
801 1051 929 1090 quam
956 1036 1135 1090 quisque
1156 1038 1324 1089 partem
1347 1036 1556 1075 tueretur:
1583 1047 1661 1074 nos
1684 1030 1876 1086 Capuam

180 1108 453 1162 sumpsimus.
516 1108 620 1149 haec
658 1111 700 1149 tc
740 1107 848 1149 scire
886 1107 1015 1148 volui.
1077 1109 1124 1147 tu
1163 1105 1295 1147 etiam
1333 1107 1462 1158 atque
1502 1103 1633 1145 etiam
1669 1117 1789 1156 cura,
1828 1104 1878 1143 ut

180 1179 320 1220 valeas
358 1179 614 1234 litterasque
653 1179 704 1220 ad
737 1193 804 1220 me
838 1178 1004 1231 mittas,
1044 1176 1428 1232 quotienscumque
1460 1174 1659 1228 habebis,
1692 1173 1760 1215 cui
1793 1172 1877 1214 des.

181 1249 312 1292 etiam
345 1253 474 1305 atque
508 1250 638 1291 etiam
673 1250 778 1291 vale.
841 1250 876 1291 d.
909 1264 971 1304 pr.
1002 1248 1103 1290 Idus
1136 1249 1225 1290 Ian.

128 1419 161 1444 ιε,
888 1402 983 1444 ΧΠ.
1034 1400 1172 1459 (157.)

507 1476 511 1477 ⁷
629 1508 878 1551 TVLLIVS
913 1508 952 1551 S.
986 1508 1038 1550 D.
1069 1506 1275 1550 TIRONI
1307 1504 1432 1570 svo,

300 1605 394 1654 Quo
426 1604 471 1645 in
503 1604 750 1645 discrimine
783 1605 977 1644 versetur
1009 1602 1124 1644 salus
1158 1616 1254 1644 mea
1284 1603 1327 1642 et
1358 1601 1571 1642 bonorum
1601 1599 1793 1641 omnium
1821 1601 1882 1639 at·
1911 1612 1927 1641 1

183 1690 263 1730 que
301 1675 527 1716 universae
565 1675 626 1716 rei
663 1689 721 1729 p.,
761 1689 811 1715 ex
851 1688 933 1729 quo
973 1673 1080 1715 scire
1118 1675 1260 1727 poteS,
1299 1671 1413 1726 quod
1453 1670 1604 1713 domos
1635 1672 1807 1711 nostras
1841 1671 1884 1710 et

181 1746 367 1799 patriam
391 1745 531 1800 ipsam
557 1746 623 1787 vel
651 1744 933 1799 diripiendam
959 1743 1027 1785 vel
1052 1742 1404 1784 inflammandam
1423 1740 1695 1796 reliquimus:
1721 1741 1767 1781 in
1787 1755 1884 1782 cum

129 1834 163 1858 κο
182 1816 324 1858 locum
355 1831 423 1858 res
456 1817 692 1870 deductast,
723 1818 784 1870 ut,
815 1815 901 1856 nisi
934 1815 1009 1869 qui
1042 1815 1144 1856 deus
1177 1813 1244 1855 vel
1277 1826 1401 1854 casus
1435 1811 1591 1866 aliquis
1624 1810 1886 1865 subvenerit,

183 1887 291 1928 salvi
334 1901 426 1928 esse
465 1901 741 1941 nequeamus.
811 1887 1026 1941 equidem,
1069 1889 1120 1927 ut
1162 1885 1260 1927 veni
1301 1885 1353 1926 ad
1393 1884 1565 1938 urbem,
1610 1898 1696 1924 non
1737 1881 1884 1924 destiti
1911 1895 1931 1925 ‘2

183 1957 328 1998 omnia
353 1960 397 1999 et
423 1958 583 1999 sentire
610 1960 653 1999 et
679 1958 818 2000 dicere
845 1960 890 1999 et
914 1957 1067 2012 facere,
1095 1970 1202 2011 quae
1229 1955 1282 1996 ad
1308 1954 1580 1997 concordiam
1601 1954 1887 2008 pertinerent,

183 2027 256 2070 sed
292 2027 427 2070 mirus
464 2028 680 2070 invaserat
718 2029 838 2070 furor
873 2042 960 2070 non
999 2028 1140 2070 solum
1175 2026 1404 2081 improbis,
1446 2024 1686 2067 sed-etiam
1717 2024 1774 2075 is,
1814 2024 1887 2079 qui

182 2099 286 2142 boni
322 2099 555 2154 habentur,
591 2103 641 2141 ut
677 2114 869 2155 pugnare
909 2102 1113 2154 cuperent
1150 2113 1217 2140 me
1254 2098 1466 2139 clamante
1498 2095 1607 2137 nihil
1641 2109 1733 2136 esse
1766 2094 1886 2135 bello

130 2186 164 2212 25
183 2171 300 2213 civili
337 2171 548 2213 miserius.
610 2171 775 2226 itaque,
813 2185 909 2213 cum
942 2169 1101 2213 Caesar
1139 2168 1328 2210 amentia
1367 2167 1552 2222 quadam
1584 2167 1810 2220 raperetur
1844 2167 1887 2205 et

185 2240 346 2283 oblitus
377 2241 563 2283 nominis
597 2244 726 2296 atque
758 2241 971 2283 honorum
1003 2255 1179 2283 suorum
1211 2238 1474 2292 Ariminum,
1514 2237 1764 2288 Pisaurum,
1801 2235 1887 2277 An-

185 2326 354 2365 conam,
392 2311 614 2353 Arretium
653 2311 966 2367 occupavisset,
1007 2311 1156 2353 urbem
1192 2310 1465 2364 reliquimus:
1506 2322 1636 2362 quam
1669 2306 1889 2362 sapienter

185 2386 260 2425 aut
286 2397 415 2438 quam
440 2382 625 2438 fortiter,
653 2382 763 2424 nihil
791 2383 948 2424 attinet
974 2381 1204 2436 disputari,
1237 2395 1321 2435 quo
1349 2379 1521 2434 quidem
1547 2378 1592 2419 in
1619 2392 1719 2419 casu
1740 2377 1888 2432 simus,
1914 2390 1933 2420 3

185 2454 315 2496 vides.
382 2453 580 2496 feruntur
618 2453 793 2495 omnino
832 2452 1104 2495 condiciones
1144 2453 1198 2493 ab
1236 2451 1334 2505 illo,
1379 2453 1428 2492 ut
1466 2449 1696 2504 Pompeius
1736 2450 1807 2489 eat
1845 2448 1890 2489 in

133 2541 167 2565 :³0
185 2524 455 2580 Hispaniam,
481 2524 675 2579 dilectus,
702 2524 777 2579 qui
805 2527 906 2566 sunt
931 2523 1085 2577 habiti,
1110 2525 1154 2564 et
1178 2522 1396 2577 praesidia
1420 2524 1570 2562 nostra
1596 2519 1890 2573 dimittantur3

306 2655 337 2686 2.
363 2651 602 2696 proconsules
634 2651 712 2686 {FF
745 2653 758 2696 ΙΙ
796 2654 850 2686 10.
877 2652 935 2685 est
960 2652 1090 2685 nostra
1114 2649 1231 2696 pluris
1257 2650 1358 2693 MD,
1391 2650 1449 2684 est
1478 2646 1594 2693 pluris
1626 2647 1755 2681 nostra
1781 2645 1866 2680 FH
1880 2679 1883 2688 ,

190 2703 243 2734 11.
271 2698 471 2743 discriptae
496 2698 575 2742 Μ’,
612 2698 820 2743 descriptae
847 2698 915 2732 Mc
945 2699 1014 2742 (vel
1039 2699 1119 2742 Mr)
1148 2697 1276 2732 FHD.
1328 2697 1374 2740 cf.
1402 2697 1449 2730 acl
1475 2695 1559 2738 XII,
1582 2698 1617 2737 1,
1640 2698 1656 2727 1
1690 2695 1701 2738 n
1733 2704 1891 2737 capuam

191 2746 322 2789 ΕΗΒ,
349 2744 496 2791 capiam
521 2745 571 2780 M
601 2746 614 2789 ΙΙ
651 2749 705 2780 12.
731 2747 769 2779 te
795 2749 827 2779 et
852 2746 894 2778 tu
920 2756 985 2780 om.
1017 2745 1056 2780 F
1089 2746 1100 2789 ΙΙ
1139 2748 1193 2779 14.
1222 2744 1273 2790 d.]
1301 2744 1367 2778 dat
1393 2744 1446 2786 M,
1478 2742 1587 2776 datur
1615 2741 1704 2784 FH,
1731 2751 1796 2775 om.
1823 2739 1862 2774 D
1880 2742 1893 2786 Ιὶ

189 2796 245 2829 17.
272 2793 372 2828 salus
399 2792 529 2836 FHD,
557 2791 684 2826 saluus
710 2792 758 2826 M
772 2793 784 2836 11
804 2796 858 2826 18,
886 2790 1082 2826 uniuersae
1107 2791 1162 2826 rei
1180 2803 1216 2835 p.
1244 2802 1288 2825 ex
1308 2801 1350 2825 eo
1371 2790 1425 2833 M,
1454 2789 1650 2823 uniuersae
1677 2787 1710 2821 -l-
1739 2788 1891 2821 senatus

189 2842 228 2875 et
250 2840 306 2875 rei
330 2852 365 2885 p.
393 2850 437 2874 ex
463 2850 505 2874 eo
533 2838 588 2883 Η,
628 2839 823 2873 uniuersae
850 2840 1000 2873 senatus
1035 2841 1072 2872 et
1097 2849 1124 2872 r.
1151 2850 1186 2882 p.
1214 2848 1258 2871 ex
1284 2848 1326 2872 eo
1357 2837 1409 2879 F,
1448 2835 1556 2870 unius
1583 2846 1627 2869 ex
1653 2845 1696 2868 eo
1716 2834 1755 2868 D
1784 2835 1796 2878 ΙΙ
1827 2833 1891 2868 do-

188 2899 270 2922 mus
296 2887 337 2922 F
353 2890 365 2932 n
384 2890 440 2922 20.
468 2885 629 2921 deducta
655 2887 712 2920 est
733 2885 853 2920 FHD
870 2887 882 2929 11
901 2886 943 2919 ut
967 2884 1171 2931 <uu—ique>
1198 2885 1388 2919 Lehmann
1414 2885 1468 2927 (p.
1490 2884 1584 2926 124),
1610 2883 1754 2916 iniuria
1774 2882 1885 2926 puto!

189 2934 255 2979 qui
280 2934 370 2970 deus
397 2934 493 2976 HD,
527 2932 684 2977 quideus
709 2944 753 2968 esc
777 2931 949 2977 quideius
975 2933 1136 2966 radendo
1162 2931 1222 2975 M,
1257 2930 1340 2975 quis
1367 2930 1456 2964 deus
1484 2929 1524 2963 F
1553 2931 1564 2972 ΙΙ
1596 2927 1748 2974 aliquis]
1776 2927 1895 2972 aliqui

190 2983 322 3017 Baiter
351 2984 363 3027 ΙΙ
395 2980 610 3016 subuenerit
634 2980 729 3023 MD,
757 2978 973 3014 subueniret
1001 2979 1083 3013 FH
1116 2980 1127 3021 ΙΙ
1165 2982 1220 3013 21.
1247 2977 1420 3022 equidem
1445 2976 1540 3020 MD,
1566 2975 1756 3019 etquidem
1785 2974 1869 3009 ΓΗ
1882 2975 1894 3021 Η

191 3028 321 3064 destiti
341 3028 472 3073 FHD,
499 3027 673 3063 destituti
692 3027 742 3062 M
755 3029 766 3072 ΙΙ
786 3030 842 3062 23,
868 3026 900 3060 is
920 3026 976 3069 M,
996 3024 1054 3060 his
1075 3025 1196 3060 FHD
1213 3026 1226 3069 11
1244 3028 1300 3059 24.
1321 3023 1558 3058 habebantur
1577 3023 1620 3057 H
1636 3023 1648 3067 ΙΙ
1666 3025 1722 3057 26.
1744 3025 1799 3057 27.
1820 3022 1893 3056 An-

191 3076 339 3122 conam]
359 3076 549 3111 Anconem
570 3075 788 3119 Wesenbery.
833 3078 871 3108 at
890 3074 936 3117 ef.
958 3073 1155 3108 Illommsen
1179 3072 1214 3107 C.
1236 3073 1267 3106 I.
1290 3072 1332 3106 L.
1354 3070 1404 3105 IX
1418 3082 1457 3115 p.
1474 3073 1540 3104 572
1560 3073 1572 3113 ss
1591 3073 1646 3105 27.
1668 3068 1826 3104 aretium
1844 3069 1893 3113 D,

192 3122 345 3204 {tritium
371 3123 427 3164 Η,
466 3122 603 3158 artium
629 3122 669 3157 F
704 3123 716 3166 n
753 3124 808 3156 29.
843 3122 905 3155 eat
936 3120 1026 3155 ΜΗ
1033 3120 1102 3163 ²D,
1142 3121 1224 3154 erat
1249 3118 1343 3153 Fw
1379 3119 1391 3163 ΙΙ
1428 3121 1483 3153 30.
1511 3116 1669 3152 dilectus
1696 3116 1796 3161 MD,
1833 3116 1894 3151 de-

210 3171 313 3205 ectus
342 3170 425 3205 FH

269 3236 330 3263 Cic.
351 3243 395 3267 ep.
415 3236 461 3261 ed.
481 3235 760 3261 Mendelesohn.
1567 3227 1611 3258 28
