2242 3496
390 139 473 180 352
985 133 1032 167 Μ.
1060 131 1200 166 TVLLI
1226 130 1475 165 CICERONIS

389 247 432 287 in
463 246 585 287 illum
618 247 717 286 ante
755 244 831 283 has
870 255 985 282 meas
1023 239 1192 280 litteras
1231 237 1473 291 contulisti,
1518 252 1646 292 quam
1688 239 1900 280 maximus
1938 242 2083 294 potest

344 333 362 361 3
390 332 483 357 mea
509 314 874 357 commendatione
897 309 1090 351 cumulus
1115 309 1306 350 accedat:
1335 309 1402 350 sin
1423 311 1566 349 autem
1586 312 1764 363 propter
1785 310 2082 352 verecundiam

338 2122 357 2151 [ὓ

390 402 508 427 suam
542 385 681 426 minus
715 398 757 423 sc
791 381 872 422 tibi
905 380 1064 434 optulit
1096 381 1171 421 aut
1203 379 1393 420 noudum
1426 393 1524 420 eum
1556 380 1663 420 satis
1696 380 1830 421 habes
1858 381 2082 436 cognitum

389 460 461 498 aut
494 470 599 510 quac
633 468 760 495 causa
792 454 873 505 est,
914 465 987 492 cur
1022 450 1196 491 maioris
1236 449 1620 491 commendationis
1652 449 1862 505 indigeat,
1902 451 1963 492 sic
2001 451 2083 493 tibi

389 542 482 568 cum
516 524 777 575 commendo,
809 525 857 563 ut
887 536 1025 576 neque
1058 520 1219 561 maiore
1253 520 1395 561 studio
1429 534 1688 575 quemquam
1719 536 1858 576 neque
1893 521 2081 563 iustiori-

389 598 466 637 bus
494 596 542 635 de
571 594 708 635 causis
737 592 1033 634 commendare
1060 591 1236 645 possim,
1268 590 1509 645 faciamque
1536 591 1590 646 id,
1620 592 1734 646 quod
1760 592 1917 633 debent
1942 591 2082 634 facere

387 667 436 719 ei,
470 666 541 719 qui
574 664 774 719 religiose
801 666 843 704 et
870 663 960 704 sine
988 662 1225 703 ambitione
1256 662 1575 703 commendant:
1609 663 1828 717 spondebo
1862 663 1975 704 enim
2001 663 2083 705 tibi

388 737 449 777 vol
494 735 638 790 potius
684 734 871 788 spondeo
916 734 961 774 in
1006 746 1156 786 meque
1200 731 1361 787 recipio
1408 747 1479 774 eos
1531 748 1623 775 esse
1668 732 1744 774 Μ’.
1778 731 1898 774 Curii
1941 748 2082 776 mores

385 821 560 860 eamque
593 820 688 846 cum
720 805 1007 859 probitatem,
1038 806 1132 844 tum
1163 803 1297 844 etiam
1328 803 1662 858 humanitatem,
1694 806 1743 845 ut
1776 819 1873 845 eum
1905 807 1949 845 et
1981 805 2083 846 ami-

386 877 487 918 citia
531 878 606 917 tua
649 878 692 916 et
736 878 826 916 tam
870 877 1070 916 accurata
1114 875 1510 931 commendatione,
1561 874 1598 916 si
1641 874 1723 916 tibi
1767 875 1825 916 sit
1870 875 2082 931 cognitus,

386 948 561 1001 dignum
602 947 660 987 sis
700 946 1036 987 existimaturus.
1100 945 1208 986 mihi
1246 948 1359 987 certe
1399 946 1697 1001 gratissimum
1734 945 1907 1002 feceris,
1950 946 1986 988 si
2024 947 2084 988 in-

386 1018 587 1058 tellexero
620 1017 696 1057 has
730 1016 898 1057 litteras
932 1018 1120 1068 tantum,
1162 1018 1371 1069 quantum
1411 1016 1602 1059 scribens
1642 1017 1928 1073 confidebam,
1971 1018 2083 1072 apud

386 1092 426 1129 te
460 1088 624 1141 pondus
657 1081 871 1128 habuisse.

1056 1181 1217 1224 XVIII.
1270 1181 1407 1239 (252.)

967 1286 1178 1330 oioERo
1214 1287 1428 1331 sEaVIO
1462 1289 1504 1331 s.

502 1395 602 1437 Non
641 1395 891 1449 concedam,
936 1397 984 1435 ut
1015 1394 1165 1437 Attico
1203 1399 1373 1450 nostro,
1418 1411 1544 1450 quem
1583 1397 1744 1438 elatum
1782 1397 1951 1439 laetitia
1987 1396 2088 1452 vidi,

386 1467 656 1509 iucundiores
684 1469 782 1508 tuae
810 1466 1062 1508 suavissime
1091 1467 1143 1507 ad
1170 1481 1266 1508 eum
1293 1470 1336 1508 et
1362 1467 1674 1509 humanissime
1703 1468 1889 1523 scriptae
1914 1467 2087 1515 litterae

384 1538 544 1580 fuerint
577 1553 705 1592 quam
732 1538 856 1593 mihi,
889 1538 1046 1592 †nam,
1079 1538 1162 1579 etsi
1188 1538 1361 1593 utrique
1387 1542 1587 1581 nostrum
1613 1554 1747 1594 prope
1774 1554 1907 1594 aeque
1937 1542 2087 1595 gratae

385 1613 524 1662 erant,
569 1613 715 1650 tamen
748 1623 827 1664 ego
862 1609 1107 1651 admirabar
1145 1610 1283 1665 magis
1321 1613 1383 1665 te,
1427 1611 1520 1666 qui,
1565 1611 1602 1652 si
1640 1613 1819 1666 rogatus
1858 1612 1934 1651 aut
1972 1612 2086 1652 certe

385 1681 629 1722 admonitus
670 1680 910 1722 liberaliter
948 1680 1098 1722 Attico
1144 1682 1439 1736 respondisses
1476 1707 1524 1712 —
1562 1683 1676 1736 quod
1721 1685 1867 1723 tamen
1910 1680 2088 1722 dubium

382 1752 519 1806 nobis,
553 1751 655 1806 quin
688 1752 749 1793 ita
781 1752 974 1793 futurum
1007 1752 1151 1807 fuerit,
1183 1767 1268 1794 non
1302 1756 1395 1794 erat
1426 1778 1491 1808 —,
1515 1754 1632 1794 ultro
1660 1753 1713 1794 ad
1739 1768 1838 1795 eum
1864 1752 2087 1807 scripsisse

384 1824 506 1877 eique
537 1838 615 1864 nec
649 1823 843 1877 opinanti
875 1822 1146 1866 voluntatem
1178 1826 1299 1865 tuam
1340 1827 1508 1866 tantam
1546 1839 1623 1879 per
1660 1824 1831 1865 litteras
1870 1823 2088 1865 detulisse.

385 1895 434 1935 de
468 1909 550 1948 quo
583 1909 670 1935 non
709 1894 835 1935 modo
876 1908 1029 1950 rogare
1062 1897 1124 1949 te,
1167 1898 1216 1936 ut
1256 1910 1305 1936 eo
1345 1895 1580 1937 studiosius
1619 1911 1713 1936 mea
1753 1910 1921 1950 quoque
1961 1909 2089 1937 causa

384 1965 527 2019 facias,
559 1980 644 2006 non
677 1965 809 2006 debeo
841 1991 890 1994 —
918 1965 1028 2006 nihil
1060 1966 1175 2007 enim
1208 1966 1469 2008 cumulatius
1501 1966 1594 2008 fieri
1620 1969 1779 2022 potest,
1811 1981 1940 2021 quam
1964 1966 2088 2021 polli-

385 2036 491 2077 ceris
520 2061 593 2091 —,
626 2036 698 2077 sed
731 2052 782 2077 ne
816 2037 981 2092 gratias
1015 2037 1188 2091 quidem
1228 2051 1373 2092 agere,
1411 2038 1526 2093 quod
1559 2041 1607 2079 tu
1640 2041 1682 2079 et
1714 2037 1851 2092 ipsius
1885 2052 2014 2079 causa
2045 2039 2088 2078 et

385 2110 458 2147 tua
491 2110 643 2162 sponte
676 2107 847 2149 feceris:
893 2108 1000 2149 illud
1032 2110 1177 2150 tamen
1209 2108 1366 2163 dicam,
1408 2109 1516 2150 mihi
1548 2108 1609 2163 id,
1650 2109 1764 2163 quod
1794 2108 1956 2160 fecisti,
1995 2122 2087 2150 esse

385 2178 698 2233 gratissimum3
744 2178 830 2220 tale
870 2179 984 2220 enim
1022 2182 1145 2221 tuum
1183 2178 1390 2222 iudicium
1428 2180 1478 2221 de
1516 2180 1691 2222 homine
1730 2194 1798 2235 eo,
1842 2194 1970 2235 quem
2006 2192 2087 2235 ego

384 2250 506 2291 unice
539 2250 686 2305 diligo,
716 2264 804 2291 non
834 2253 981 2304 potest
1009 2250 1117 2292 mihi
1142 2265 1230 2292 non
1257 2266 1421 2293 summe
1448 2266 1539 2293 esse
1565 2251 1810 2306 iucundum,
1843 2251 1957 2305 quod
1990 2265 2087 2292 cum

384 2319 445 2361 ita
484 2320 559 2375 sit,
604 2335 695 2362 esse
735 2324 909 2376 gratum
949 2336 1124 2364 neeesse
1163 2325 1240 2363 est.
1303 2323 1377 2364 sed
1415 2325 1577 2377 tamen,
1622 2322 1826 2376 quoniam
1863 2321 1971 2363 mihi
2007 2336 2086 2376 pro

385 2391 685 2433 coniunctione
711 2395 862 2434 nostra
888 2393 955 2434 vel
981 2408 1159 2448 peccare
1186 2396 1290 2448 aput
1317 2396 1359 2435 te
1385 2393 1430 2435 in
1457 2394 1682 2436 scribendo
1709 2393 1823 2448 licet,
1855 2395 2086 2447 utrumque

386 2477 544 2517 eorum,
579 2478 686 2517 quae
718 2465 874 2519 negavi
906 2465 1013 2506 mihi
1039 2464 1241 2506 faciunda
1267 2479 1373 2520 esse,
1404 2464 1579 2507 faciam:
1610 2479 1712 2506 nam
1738 2467 1782 2506 et
1808 2464 1861 2505 ad
1886 2463 1942 2520 id,
1975 2463 2088 2518 quod

388 2534 522 2576 Attici
554 2549 683 2576 causa
715 2538 756 2576 te
790 2536 1019 2577 ostendisti
1047 2551 1139 2577 esse
1166 2536 1395 2591 facturum,
1428 2539 1599 2578 tantum
1624 2536 1756 2578 velim
1782 2535 1925 2590 addas,
1958 2549 2087 2589 quan-

386 2607 476 2645 tum
504 2620 554 2647 ex
578 2608 728 2647 nostro
756 2621 899 2648 amore
932 2607 1188 2649 accessionis
1214 2607 1308 2649 fieri
1333 2610 1491 2663 potest,
1518 2611 1573 2662 et,
1600 2607 1715 2662 quod
1742 2606 1869 2648 modo
1895 2606 2087 2658 verebar,

505 2760 534 2791 1.
562 2760 593 2792 2.
620 2759 744 2801 potest
768 2769 851 2792 mea
878 2759 1085 2803 Manutius,
1111 2761 1244 2804 postea
1272 2761 1312 2794 Ψ
1346 2761 1356 2803 ΙΙ
1395 2763 1426 2794 4.
1455 2760 1521 2794 aut
1546 2769 1641 2803 quae
1668 2759 1730 2801 M,
1755 2759 1822 2792 aut
1847 2768 1923 2802 qua
1947 2757 2002 2801 D,
2030 2757 2086 2791 at-

387 2814 455 2846 que
483 2804 551 2848 HJ}
572 2808 602 2838 7.
630 2804 678 2850 ei]
705 2805 745 2839 hi
775 2808 822 2849 Ψ,
847 2805 874 2839 ii
900 2818 920 2843 ς
946 2808 957 2850 ΙΙ
984 2810 1014 2841 S.
1043 2817 1104 2841 eos
1132 2817 1211 2841 esse
1236 2819 1283 2841 m.
1311 2807 1366 2850 M,
1394 2817 1473 2841 esse
1500 2818 1562 2841 eos
1588 2818 1636 2841 m.
1662 2805 1744 2841 HD
1769 2807 1780 2850 ΙΙ
1807 2809 1837 2840 9.
1864 2807 1945 2839 tum
1969 2803 2086 2838 etiam

386 2850 654 2885 humanitatem
681 2853 734 2887 bis
758 2854 895 2898 scripta
920 2855 961 2888 iu
988 2854 1035 2888 M
1049 2856 1060 2897 ss
1081 2858 1134 2888 10.
1165 2854 1214 2888 sit
1239 2853 1428 2900 cognitus]
1455 2855 1499 2897 ef.
1521 2854 1570 2889 F.
1592 2853 1807 2889 Hartmamz
1829 2852 1953 2887 ‘Arch.
1973 2852 2000 2894 f.
2022 2851 2085 2886 lat.

387 2898 588 2943 Lescicoyrf
616 2899 667 2932 Ill
688 2911 724 2943 p.
747 2903 814 2934 346
846 2902 857 2944 Η
891 2904 944 2935 15.
973 2911 1078 2935 seruo
1105 2902 1154 2935 M
1179 2903 1190 2946 Η
1223 2905 1277 2936 18.
1304 2912 1392 2935 nam
1417 2901 1495 2947 cet]
1522 2902 1602 2936 hiat
1627 2901 1754 2936 oratio.
1797 2898 1906 2943 quasi
1926 2909 1996 2943 pro
2022 2897 2087 2942 qui

388 2943 418 2976 si
444 2956 473 2980 ς.
522 2946 750 2989 probabilius
781 2948 825 2982 ab
857 2948 942 2982 aliis
975 2949 1108 2983 lamma
1138 2950 1332 2984 statuitur:
1369 2959 1444 2983 non
1475 2950 1570 2992 erat,
1612 2946 1748 2993 <nobis
1781 2945 1873 2980 satis
1905 2944 2086 2992 fecisses>

388 2991 488 3025 Bait<
499 3004 527 3034 r,
551 2993 813 3038 respondisses,
835 2994 971 3041 <nobis
991 2996 1138 3039 gratum
1157 2995 1338 3042 fecisses>
1359 2996 1551 3031 Lelmzmm
1569 2995 1622 3039 (p.
1639 2995 1708 3038 61),
1733 2994 1873 3036 melius,
1898 2994 1972 3028 nisi
1992 2993 2088 3038 quod

386 3039 662 3081 supplementum
685 3046 767 3084 post
791 3052 865 3075 non
892 3043 971 3075 crat
999 3044 1170 3078 insertum
1195 3044 1336 3078 mallem
1367 3045 1378 3088 ΙΙ
1410 3047 1465 3079 22.
1493 3042 1600 3086 eique
1626 3051 1693 3075 nec
1719 3041 1823 3084 MD,
1851 3042 1963 3084 atque
1990 3050 2086 3084 quae

388 3094 454 3117 nec
481 3085 523 3118 Η
538 3088 549 3129 11
569 3089 621 3119 27Δ
650 3098 717 3130 ogo
745 3089 797 3131 ΠΙ,
825 3100 890 3123 οη).
918 3088 998 3122 HD
1016 3091 1027 3133 Η
1048 3093 1101 3123 29.
1130 3091 1279 3134 gnitum
1307 3101 1386 3124 csso
1414 3091 1458 3124 H

2107 1699 2142 1724 20

2108 2055 2143 2080 25

2107 2411 2141 2436 30
