2242 3496
699 224 1032 260 Epls'rvmuvm
1064 227 1120 261 lll.
1154 232 1203 261 1⁰.
1235 231 1286 261 ll.
1786 230 1831 270 71

146 332 333 388 inquies,
371 330 439 372 ‘an
472 332 522 372 ‹le
556 331 825 374 maiestate?
877 334 927 375 ad
960 349 1048 375 rem
1088 334 1213 388 nihil,
1255 336 1437 376 alterum
1477 335 1589 377 enim
1627 351 1711 378 non
1745 338 1841 379 atti-

145 403 268 459 gisti,
312 402 493 443 alteram
536 401 713 456 auxisti3
757 404 953 456 †verum
993 409 1135 446 tumen
1178 409 1243 446 est
1288 406 1490 447 maiestas
1516 431 1572 436 ——
1599 407 1679 448 etsi
1720 407 1840 449 Sulla

146 472 295 527 voluit,
325 487 378 514 ne
410 471 454 513 in
487 473 680 526 quemvis
714 474 870 528 inpune
903 476 1130 517 declamari
1164 476 1312 518 liceret
1338 501 1406 531 —‚
1438 476 1626 518 ambitus
1653 493 1751 519 vero
1778 478 1839 520 ita

146 545 339 599 apertam
366 542 453 584 vim
480 542 622 596 habet,
656 546 703 584 ut
729 548 803 586 aut
829 549 1051 587 accusetur
1079 547 1256 601 inprobe
1285 550 1359 588 aut
1384 547 1647 589 defendatur.
1688 549 1836 603 †‹1u‹›d

109 614 259 657 senim
303 613 418 656 facta
464 627 593 654 necne
638 614 755 655 facta
798 615 971 670 largitio
1018 616 1205 669 ignorari
1252 621 1424 672 potest?
1480 622 1651 660 tuorum
1697 622 1838 661 autem

145 686 356 728 honorum
383 698 532 726 cursus
565 683 632 725 cui
666 689 890 738 suspectus
918 702 1121 741 umquam
1153 687 1265 728 fuit?
1316 704 1380 729 mc
1409 689 1624 744 miserum,
1656 690 1728 744 qui
1755 705 1838 731 non

145 755 371 799 adfuerim!
424 769 531 809 quos
576 768 656 809 ego
705 754 816 796 risus
861 757 1133 798 excitasscm!
1192 759 1263 799 sed
1303 759 1352 799 de
1398 759 1636 800 maiestatis
1682 760 1837 802 iudicio

144 827 227 868 duo
260 825 367 867 mihi
399 825 474 867 illa
505 839 556 866 ex
589 825 674 866 tuis
708 825 866 867 litteris
900 827 1205 869 iucundissima
1236 828 1425 869 suerunt:
1467 845 1616 883 unum,
1650 830 1762 884 quod
1796 833 1837 872 tc

144 896 198 939 ab
229 896 326 952 ipsa
355 910 401 938 re
431 895 606 951 publica
638 895 858 937 defensum
891 897 1056 952 scribis,
1090 913 1195 951 quac
1230 899 1398 952 quidem
1432 900 1559 941 ctiam
1594 901 1636 941 in
1671 916 1837 942 summa

92 967 356 1010 inhonorum
395 969 439 1008 et
476 966 655 1008 fortium
693 966 850 1008 civium
889 968 1012 1021 copia
1050 968 1161 1009 tueri
1200 969 1307 1010 tales
1346 968 1459 1011 viros
1498 971 1688 1025 deberet,
1726 987 1836 1014 nunc

143 1052 244 1080 vero
282 1051 332 1079 eo
370 1037 528 1093 magis,
574 1037 685 1092 quod
728 1040 848 1078 tanta
892 1039 1069 1092 penuria
1107 1042 1172 1079 est
1211 1039 1254 1080 in
1293 1040 1407 1080 omni
1446 1041 1510 1081 vel
1558 1041 1732 1082 honoris
1772 1043 1833 1083 vel

143 1108 299 1150 aetatis
331 1108 485 1164 gradu,
524 1109 572 1148 ut
603 1110 693 1148 tam
727 1108 833 1149 orba
865 1107 1015 1149 civitas
1058 1109 1157 1150 talis
1198 1112 1361 1151 tutores
1402 1111 1626 1164 complecti
1664 1112 1835 1167 debeat3

143 1179 345 1233 alterum,
390 1179 502 1234 quod
547 1177 725 1232 Pompei
769 1181 811 1219 et
849 1179 974 1220 Bruti
1018 1180 1144 1221 fidem
1188 1181 1612 1235 benevolentiamque
1658 1182 1835 1224 mirifice

142 1249 309 1292 laudas:
335 1249 474 1291 laetor
499 1249 660 1291 virtute
687 1251 730 1290 et
756 1248 898 1290 officio
921 1264 1049 1303 quom
1076 1253 1248 1292 tuorum
1268 1252 1617 1306 necessariorum,
1644 1267 1835 1294 meorum

91 1335 124 1361 15
143 1319 522 1374 amicissimorum,
564 1322 656 1361 tum
694 1319 870 1361 alterius
910 1322 1100 1362 omnium
1139 1321 1375 1363 saeclorum
1414 1325 1456 1363 et
1494 1323 1685 1377 gentium
1723 1323 1835 1378 prin-

143 1390 268 1446 cipiS‚
306 1390 484 1432 alterius
517 1390 603 1432 iam
633 1390 799 1445 pridem
832 1390 1086 1445 iuventutis,
1125 1392 1337 1446 celeriter,
1376 1395 1423 1433 ut
1455 1407 1597 1446 spero,
1635 1392 1835 1435 civitatis.

142 1462 193 1504 de
219 1461 523 1504 mercennariis
550 1461 737 1503 testibus
765 1476 789 1502 a
815 1461 903 1502 suis
931 1461 1179 1504 civitatibus
1205 1463 1418 1517 notandis,
1453 1463 1537 1504 nisi
1562 1463 1647 1504 iam
1673 1463 1835 1505 factum

141 1532 305 1588 aliquid
337 1535 404 1574 est
434 1547 511 1587 per
535 1531 752 1586 Flaccum,
784 1532 859 1573 fiet
890 1547 914 1573 a
946 1547 1025 1587 me,
1058 1547 1153 1574 cum
1186 1548 1261 1587 per
1286 1532 1436 1575 Asiam
1461 1534 1672 1575 decedam.
1721 1550 1834 1578 nunc

141 1604 193 1646 ad
226 1604 408 1645 alteram
435 1602 665 1658 epistolam
691 1602 826 1644 venio.
878 1603 991 1657 quod
1017 1603 1069 1645 ad
1095 1618 1161 1645 me
1189 1604 1310 1658 quasi
1336 1603 1519 1645 formam
1547 1605 1834 1646 communium

88 1689 122 1715 20
141 1676 384 1730 te'mporum
417 1677 461 1716 et
492 1674 628 1716 totius
662 1673 723 1715 rei
754 1673 952 1728 publicae
984 1674 1143 1716 misisti
1175 1689 1431 1729 expressam,
1466 1675 1691 1729 prudentia
1722 1675 1831 1717 litte-

139 1760 286 1787 rarum
330 1747 503 1786 tuarum
547 1745 670 1786 valde
721 1744 828 1786 mihi
872 1747 937 1786 est
981 1747 1107 1800 grata
1148 1769 1197 1774 —
1239 1746 1361 1787 video
1406 1745 1517 1787 enim
1562 1747 1604 1786 et
1647 1746 1834 1800 pericula

138 1816 318 1872 leviora,
350 1830 479 1871 quam
512 1816 738 1871 timebam,
771 1819 813 1857 et
846 1815 1011 1858 maiora
1042 1816 1272 1871 praesidia,
1305 1817 1341 1858 si
1374 1815 1562 1871 quidem,
1592 1818 1641 1857 ut
1672 1816 1834 1870 scribis,

140 1901 289 1930 omnes
321 1887 433 1929 vires
466 1886 655 1929 civitatis
688 1902 733 1929 se
766 1887 819 1928 ad
849 1886 1025 1942 Pompei
1059 1887 1233 1928 ductum
1266 1887 1588 1942 adplicaverunt
1618 1911 1665 1916 —
1696 1889 1832 1928 tuum-

140 1973 222 2014 que
255 1958 382 2000 simul
415 1961 666 2013 promptum
698 1958 890 2000 animum
922 1961 965 2000 et
998 1958 1182 1999 alacrem
1214 1958 1413 2012 perspexi
1445 1957 1497 1998 ad
1529 1957 1832 1998 defendendam

87 2043 120 2068 2⁵
138 2044 228 2072 rem
260 2029 496 2084 publicam,
528 2029 840 2084 mirificamque
873 2029 965 2084 cepi
998 2029 1266 2082 voluptatem
1298 2043 1349 2069 ex
1379 2028 1459 2070 hac
1491 2031 1566 2068 tua
1597 2027 1832 2082 diligentia,

139 2099 252 2155 quod
277 2099 319 2141 in
348 2099 527 2141 summis
555 2100 640 2142 tuis
668 2100 1024 2155 occupationibus
1050 2099 1154 2140 mihi
1191 2102 1335 2140 tamen
1361 2098 1421 2138 rei
1447 2097 1643 2152 publicae
1671 2100 1830 2139 statum

256 2279 288 2310 2.
316 2275 466 2322 uerum!
495 2277 553 2310 est
578 2276 614 2310 R
640 2277 651 2319 ΙΙ
677 2279 707 2309 2.
731 2278 760 2309 3.
790 2274 860 2309 etsi
887 2274 983 2308 sulla
1010 2273 1129 2309 uoluit
1155 2274 1214 2315 M,
1241 2275 1279 2307 et
1305 2273 1356 2307 sic
1383 2272 1468 2307 silla
1495 2272 1613 2306 uoluit
1637 2273 1689 2315 R,
1718 2274 1754 2306 et
1779 2273 1831 2306 sic

138 2322 170 2358 si
195 2322 263 2357 illa
286 2322 475 2368 proprium
496 2333 631 2357 nomen
651 2321 723 2356 fuit
743 2321 808 2356 illa
828 2321 948 2356 uoluit
969 2322 1012 2356 G.
1040 2326 1133 2356 totus
1158 2321 1255 2355 locus
1280 2332 1359 2354 cum
1385 2321 1429 2354 ab
1455 2320 1540 2354 aliis
1560 2320 1666 2354 aliter
1692 2323 1831 2362 relictus

136 2372 202 2415 sit,
232 2371 395 2416 equidem
423 2371 480 2405 nil
509 2371 584 2405 uisi
614 2380 742 2404 verum
768 2381 798 2405 v.
825 2373 1034 2413 corruptum
1064 2379 1134 2403 esse
1159 2371 1251 2412 puto
1282 2368 1339 2411 (cf.
1367 2379 1452 2401 ann.
1476 2367 1566 2411 phil.
1590 2369 1675 2400 1891
1700 2378 1737 2409 1).
1761 2369 1827 2400 725.

136 2418 202 2453 hoc
232 2418 340 2453 dicit.-
374 2418 417 2453 de
448 2419 632 2453 maiestate
666 2416 760 2462 quod
786 2421 818 2451 te
843 2416 1036 2451 Dolabella
1061 2415 1277 2460 postulat-il,
1309 2415 1393 2455 fecit
1419 2414 1602 2458 pravitate
1633 2413 1828 2447 adductus.-

137 2475 218 2500 cum
242 2465 337 2500 enim
361 2475 436 2500 uon
466 2466 650 2510 iquoraret
680 2465 761 2508 ipsa
793 2464 864 2509 lcye
891 2462 1058 2498 Cornelia
1091 2465 1237 2497 cautum
1262 2472 1331 2495 esse
1365 2471 1404 2494 ne
1435 2461 1513 2504 quis
1544 2464 1667 2494 temere
1692 2470 1733 2493 ea
1759 2460 1829 2503 Ieye

137 2512 360 2555 abuterebusr,
398 2515 518 2547 tamen
548 2512 644 2546 illud
676 2511 829 2545 maxime
863 2511 997 2545 crimen
1029 2510 1150 2554 eleyil,
1186 2512 1306 2552 utpote
1343 2507 1437 2551 quod
1469 2508 1507 2540 in
1540 2517 1662 2551 (leuet-e
1695 2517 1829 2549 parum

137 2559 284 2603 deffinita
318 2563 520 2595 versaretur
549 2569 655 2603 eoque
691 2557 900 2600 facultatem
930 2557 1073 2602 quidvis
1108 2555 1268 2601 fingendi
1304 2554 1657 2597 commin{scenaique
1687 2553 1828 2587 haberet

138 2607 199 2651 (cf.
224 2606 322 2642 Rein
349 2605 641 2642 ‘Grimimzlrecht
667 2605 700 2639 cl.
726 2604 873 2639 Ro'mer’
898 2616 936 2648 p.
958 2606 1026 2637 510
1038 2604 1113 2647 sq).
1151 2607 1183 2636 ct
1207 2603 1415 2642 sententiae,
1442 2602 1582 2644 opinor,
1606 2600 1696 2633 salis
1719 2599 1829 2641 faciel

137 2657 171 2689 et
194 2665 219 2688 a
242 2664 280 2689 re
303 2654 543 2699 yrammatica
569 2656 686 2688 tulum
710 2652 778 2686 erit
802 2651 861 2694 (cf.
883 2651 1036 2695 Reisiyit
1060 2650 1165 2685 schol.
1191 2653 1283 2693 synt.
1304 2648 1388 2682 Lat.
1413 2660 1448 2691 p.
1470 2651 1490 2680 4
1504 2660 1552 2691 sq.
1580 2646 1631 2680 ecl.
1652 2646 1827 2685 Schmalz)

132 2711 203 2745 pro
227 2711 355 2735 verum
375 2702 536 2746 positum
562 2697 837 2733 veteratorium.
866 2697 1027 2743 [vafrum
1047 2697 1210 2741 praefert
1232 2695 1271 2729 O.
1293 2694 1518 2738 Hirschfeld]
1538 2695 1549 2737 ΙΙ
1569 2696 1598 2726 3.
1627 2692 1664 2726 in
1684 2692 1730 2726 M
1735 2697 1749 2713 ⁰
1777 2693 1827 2727 cel

138 2747 203 2782 Μ’
227 2758 271 2783 ex
295 2746 328 2782 is
358 2748 370 2792 ΙΙ
402 2751 432 2782 5.
459 2758 527 2782 nec
551 2757 597 2781 ne
623 2745 676 2788 R,
709 2755 776 2779 nec
802 2755 858 2778 me
887 2744 931 2787 G,
958 2754 1024 2778 nec
1049 2745 1137 2787 (uon
1161 2743 1212 2785 ct)
1238 2752 1311 2775 non
1337 2741 1389 2775 M.
1429 2741 1627 2784 scripserim
1654 2740 1713 2782 (cf.
1740 2751 1825 2773 nme.

132 2794 225 2839 phil.
261 2795 282 2830 l.
309 2796 371 2839 c.):
415 2793 505 2839 quid
547 2791 668 2827 enim?
712 2792 813 2825 facta
853 2801 966 2825 necne
1006 2790 1108 2824 facta
1145 2788 1166 2823 l.
1203 2787 1225 2821 i.
1264 2788 1410 2832 potest?
1448 2798 1520 2831 qua
1564 2788 1601 2820 in
1645 2786 1826 2820 verborum

137 2841 421 2885 conformatione
459 2841 514 2876 vel
555 2840 782 2875 coniunctim
829 2837 879 2872 sit
921 2838 1037 2872 careri
1078 2839 1203 2881 potest.
1248 2834 1312 2878 qui
1361 2832 1557 2877 (quomodo
1603 2832 1825 2878 chsenbery)

138 2887 236 2923 enim
271 2888 375 2923 facta
412 2889 450 2923 et
481 2888 548 2929 (vel
574 2887 652 2929 aut)
690 2896 763 2919 non
801 2885 902 2919 facta
923 2912 1044 2918 .....
1061 2887 1076 2916 ¹?
1111 2883 1180 2917 alii
1211 2881 1316 2927 [quid
1343 2881 1462 2915 enim?
1492 2881 1638 2914 fac-tane
1672 2890 1718 2912 an
1753 2889 1825 2912 non

136 2934 239 2970 faeta
259 2963 265 2970 .
289 2964 295 2971 .
318 2964 324 2970 .
347 2940 385 2970 .?
410 2935 458 2971 A.
478 2933 625 2978 Nauck]
657 2934 668 2976 ΙΙ
700 2936 730 2966 9.
758 2931 810 2965 rei
845 2930 991 2975 publice
1019 2931 1065 2964 M
1091 2931 1102 2974 ΙΙ
1134 2933 1187 2963 11.
1216 2940 1257 2962 eo
1286 2928 1374 2971 GR,
1405 2939 1466 2961 cos
1491 2927 1540 2961 M
1566 2928 1577 2970 ΙΙ
1608 2926 1715 2960 tanta.
1742 2926 1824 2967 GR,

136 2982 267 3016 tuante
292 2982 341 3017 M
366 2983 378 3027 ΙΙ
408 2980 558 3016 honoris
585 2980 678 3023 GR,
704 2977 824 3012 oneris
850 2978 897 3012 M
923 2979 935 3021 Η
967 2980 1019 3011 14.
1047 2976 1194 3022 laudas]
1220 2975 1352 3009 laudat
1376 2976 1409 3008 Ω,
1439 2976 1450 3017 ΙΙ
1481 2973 1607 3017 quoni]
1634 2983 1745 3015 quam
1771 2973 1825 3015 M,

138 3039 221 3063 cum
248 3029 320 3065 GR
345 3029 405 3074 (M
411 3033 437 3073 ¹)
457 3030 469 3073 ΙΙ
490 3031 542 3062 15.
570 3026 749 3062 seclorum
776 3026 824 3059 M
844 3026 855 3069 ΙΙ
882 3028 934 3059 19,
963 3023 1109 3058 ueniam
1135 3023 1171 3058 R
1190 3025 1201 3067 ΙΙ
1220 3021 1325 3066 quasi
1352 3033 1416 3056 om.
1445 3022 1477 3055 G
1502 3022 1514 3064 ss
1539 3024 1592 3053 20.
1620 3020 1824 3063 temporum

139 3075 228 3119 GR,
253 3076 400 3120 tempus
426 3086 552 3110 eorum
577 3075 621 3109 M
652 3076 663 3117 ΙΙ
695 3076 748 3106 21.
776 3074 813 3106 et
837 3083 903 3107 om.
932 3072 965 3106 G
996 3072 1008 3116 ΙΙ
1038 3074 1092 3105 22.
1121 3068 1323 3114 praesidia,
1357 3068 1502 3119 <quam
1527 3066 1760 3118 sperabam>
1794 3066 1822 3117 si

138 3121 341 3158 Lambinus
370 3124 383 3167 11
413 3126 468 3157 23.
494 3121 609 3167 vires]
637 3120 734 3154 uiros
761 3118 820 3153 M¹
846 3130 890 3153 ex
915 3117 1029 3162 uires,
1061 3122 1101 3152 ut
1126 3117 1211 3159 vicl„
1242 3115 1311 3150 uiri
1339 3115 1410 3150 GR
1438 3117 1449 3158 ΙΙ
1480 3126 1517 3148 1n
1543 3118 1625 3148 ante
1659 3114 1823 3147 ciuitatis

138 3178 216 3214 exp.
241 3168 400 3215 1321125.
426 3168 692 3212 mirificamque
718 3166 772 3212 Μ,
799 3164 918 3208 Quam
945 3165 1016 3202 GR
1041 3166 1053 3210 ΙΙ
1078 3168 1131 3199 26.
1157 3163 1210 3199 rei
1232 3165 1237 3208 Ι
1258 3162 1310 3197 rei
1336 3163 1385 3196 M
