2242 3496
401 149 427 190 3
432 149 486 189 20
996 141 1043 174 M.
1072 138 1211 174 TVLLI
1237 136 1488 172 CICERONIS

400 258 528 299 homo
571 253 676 296 mihi
717 266 812 292 cum
853 247 1166 299 familiaritate,
1211 248 1305 287 tum
1346 245 1478 287 etiam
1521 244 1719 286 sensibus
1758 244 1803 286 in
1842 259 1887 286 re
1925 259 1965 299 p.
1998 258 2094 286 con-

401 326 706 376 iunctissimus,
739 320 939 362 Rhodum
971 317 1132 358 deverti
1165 317 1352 358 confisus
1380 315 1639 357 auctoritate
1665 318 1809 357 vestra
1834 318 2094 369 senatusque

403 396 610 448 consulto,
643 408 726 447 quo
759 392 927 431 hostem
959 387 1233 429 Dolabellam
1266 385 1533 441 iudicaratis,
1565 385 1735 427 foedere
1768 400 1949 441 quoque,
1982 386 2095 440 quod

402 482 497 509 cum
545 466 603 506 eis
641 462 695 503 M.
735 460 939 501 Marcello
981 457 1067 499 Ser.
1109 455 1300 511 Sulpicio
1349 456 1492 510 <006.>
1541 458 1795 498 renovatum
1842 459 1959 510 erat,
2010 470 2094 510 quo

401 536 644 578 iuraverant
677 530 834 572 Rhodii
873 529 1044 570 eosdem
1075 528 1223 568 hostes
1257 542 1300 568 se
1332 527 1579 582 habituros,
1617 541 1724 581 quos
1757 529 1931 568 senatus
1964 541 2095 581 popu·
2133 544 2168 580 5}

401 609 550 660 Iusque
582 604 651 645 R:
685 615 790 656 quae
822 614 891 642 res
923 613 1002 640 nos
1036 598 1310 640 vehementer
1342 597 1512 653 fefellit3
1545 601 1718 639 tantum
1750 598 1863 639 enim
1896 597 2016 653 afuit,
2047 599 2096 638 ut

400 678 572 718 illorum
605 671 817 728 praesidio
850 673 1046 712 nostram
1078 670 1349 710 firmaremus
1383 669 1582 724 classem,
1614 671 1662 710 ut
1694 668 1825 710 etiam
1857 683 1882 710 a
1914 667 2095 710 Rhodiis

399 748 516 800 urbe,
548 747 687 799 portu,
719 742 925 795 statione,
958 756 1066 795 quae
1101 743 1223 782 extra
1255 740 1408 780 urbem
1441 743 1519 794 est,
1552 742 1808 794 commeatu,
1840 754 1951 794 aqua
1983 739 2097 780 deni-

400 833 479 872 que
518 815 850 870 prohiberentur
886 812 1026 853 nostri
1066 811 1245 865 milites,
1289 825 1367 852 nos
1399 811 1471 852 vix
1508 810 1592 866 ipsi
1630 811 1813 866 singulis
1852 825 1950 852 cum
1980 810 2097 852 navi-

399 888 524 943 giolis
546 886 842 939 reciperemur.
876 883 905 937 †
922 897 1051 937 quam
1077 882 1383 937 indignitatem
1410 881 1834 936 deminutionemque
1855 880 2096 922 maiestatis
2117 901 2152 926 10

397 974 483 1000 non
515 958 655 998 solum
687 955 792 996 iuris
825 954 977 1007 nostri,
1010 953 1084 994 sed
1111 953 1242 994 etiam
1268 952 1440 1007 imperii
1467 953 1700 1007 populique
1728 952 1912 993 Romani
1936 951 2096 994 idcirco
2140 950 2144 953 ’

398 1029 587 1081 tulimus,
620 1026 732 1081 quod
764 1024 1016 1079 interceptis
1050 1024 1210 1065 litteris
1244 1038 1530 1079 cognoramus
1564 1023 1851 1078 Dolabellam,
1883 1023 1919 1064 si
1951 1023 2097 1077 despe-

398 1103 535 1141 rasset
567 1099 615 1139 de
651 1096 775 1151 Syria
806 1095 1113 1151 Aegyptoque,
1147 1095 1261 1149 quod
1292 1109 1465 1137 necesse
1499 1097 1592 1136 erat
1623 1094 1735 1149 fieri,
1767 1094 1813 1135 in
1843 1093 1965 1136 navis
1999 1109 2096 1136 cum

400 1171 597 1213 omnibus
636 1168 724 1209 suis
762 1167 1004 1208 latronibus
1043 1169 1173 1221 atque
1213 1166 1331 1207 omni
1371 1166 1552 1220 pecunia
1585 1165 1868 1207 conscendere
1901 1179 1994 1206 esse
2027 1179 2097 1219 pa-

398 1245 537 1282 ratum
569 1239 825 1292 Italiamque
869 1240 1034 1291 petere,
1078 1236 1238 1278 idcirco
1285 1236 1417 1278 etiam
1460 1251 1591 1278 naves
1637 1235 1872 1290 onerarias,
1917 1250 2094 1291 quarum
2116 1255 2152 1282 15

399 1312 539 1354 minor
575 1311 695 1352 nulla
733 1312 826 1351 erat
864 1309 995 1351 duum
1028 1307 1198 1349 milium
1230 1307 1506 1363 ampliorum,
1553 1310 1798 1349 contractas
1832 1307 1876 1348 in
1907 1305 2040 1361 Lycia
2073 1321 2098 1348 a

353 1402 360 1429 ε
399 1385 533 1426 013666
566 1383 656 1423 eius
691 1380 888 1435 opsideri.
950 1379 1077 1420 huius
1110 1379 1173 1421 rei
1205 1379 1380 1432 timore,
1412 1395 1452 1433 p.
1486 1393 1536 1432 c.,
1570 1378 1762 1433 percitus
1794 1378 1974 1419 iniurias
2005 1392 2098 1432 per-

398 1456 487 1510 peti
526 1457 569 1495 et
601 1468 698 1495 cum
737 1451 1000 1493 contumelia
1037 1451 1168 1492 etiam
1207 1453 1356 1491 nostra
1395 1450 1540 1492 omnia
1578 1450 1699 1504 prius
1733 1449 1916 1504 experiri
1948 1449 2097 1490 malui:

398 1528 542 1580 itaque
582 1525 634 1566 ad
672 1524 847 1565 illorum
878 1523 1148 1564 voluntatem
1188 1522 1460 1563 introductus
1492 1522 1537 1562 in
1568 1522 1721 1562 urbem
1753 1525 1794 1562 et
1825 1521 1871 1561 in
1902 1522 2098 1562 senatum

399 1611 546 1639 eorum
585 1610 714 1650 quam
753 1593 1084 1650 diligentissime
1123 1593 1246 1647 potui
1287 1608 1460 1635 causam
1501 1593 1562 1634 rei
1594 1609 1634 1647 p.
1667 1593 1736 1648 egi
1772 1592 2097 1647 periculumque
2117 1612 2152 1637 20

399 1683 540 1723 omne,
573 1667 685 1721 quod
716 1666 912 1719 instaret,
945 1666 982 1707 si
1014 1665 1086 1706 1116
1119 1665 1231 1706 latro
1266 1679 1363 1706 cum
1396 1664 1483 1705 suis
1517 1664 1719 1705 omnibus
1750 1664 1874 1705 navis
1901 1678 2098 1705 conscen-

398 1740 551 1794 disset,
588 1718 783 1793 expgsui3
826 1737 1021 1778 Rhodios
1055 1739 1200 1777 autem
1232 1739 1355 1777 tanta
1387 1736 1432 1776 in
1464 1735 1679 1790 pravitate
1713 1735 2017 1790 animadverti,
2049 1737 2099 1775 ut

400 1825 546 1852 omnes
578 1810 787 1851 firmiores
820 1811 1024 1864 putarent
1057 1823 1187 1862 quam
1219 1808 1370 1862 bonos,
1401 1809 1449 1848 ut
1483 1806 1594 1848 hanc
1628 1806 1901 1848 concordiam
1933 1809 1976 1848 et
2003 1821 2099 1848 con—

399 1882 679 1937 spirationem
720 1881 913 1922 omnium
946 1879 1145 1922 ordinum
1178 1878 1231 1920 ad
1263 1878 1572 1920 defendendam
1604 1878 1856 1920 libertatem
1886 1892 2098 1932 propense

398 1968 483 1993 non
517 1953 736 1994 crederent
775 1967 867 1994 6666
901 1952 1082 2006 factam,
1120 1953 1169 1991 ut
1200 1950 1459 2004 patientiam
1492 1952 1667 1991 senatus
1699 1952 1743 1990 et
1775 1949 1929 2004 optimi
1961 1949 2099 1991 cuius·
2119 1967 2152 1992 25

400 2039 478 2079 que
511 2039 681 2065 manere
714 2024 861 2065 etiam··
876 2038 989 2065 1111110
1023 2022 1286 2064 confiderent
1318 2036 1397 2063 nec
1428 2021 1621 2076 potuisse
1655 2020 1809 2063 audere
1837 2035 2098 2075 quemquam

398 2094 670 2136 Dolabellam
707 2096 879 2136 hostem
918 2095 1125 2148 iudicare,
1158 2096 1207 2134 ut
1240 2093 1422 2148 denique
1457 2093 1618 2148 omnia,
1661 2107 1770 2147 quae
1803 2092 1990 2147 improbi
2022 2092 2098 2133 fin-

396 2166 574 2221 gebant,
608 2167 746 2222 magis
778 2181 880 2208 vera
911 2166 1229 2220 existimarent,
1263 2179 1392 2219 quam
1426 2179 1533 2219 quae
1565 2178 1663 2205 vere
1694 2163 1810 2205 facta
1841 2166 1965 2205 erant
1997 2166 2040 2205 et
2073 2179 2097 2204 a

396 2237 521 2278 nobis
560 2238 838 2279 docebantur.
901 2254 984 2293 qua
1023 2239 1166 2278 mente
1205 2236 1337 2277 etiam
1370 2239 1469 2277 ante
1501 2238 1699 2277 nostrum
1732 2235 1963 2276 adventum
1993 2237 2095 2289 post

395 2308 598 2349 Trebonii
637 2309 983 2364 indignissimam
1021 2308 1193 2350 caedem
1232 2309 1458 2362 ceteraque
1491 2309 1558 2348 tot
1590 2310 1764 2361 tamque
1795 2306 1962 2347 nefaria
1993 2305 2094 2347 faci·
2114 2323 2148 2348 30

394 2394 500 2420 nora
531 2380 656 2421 binae
688 2381 904 2434 profectae
938 2382 1061 2421 erant
1093 2379 1146 2420 ad
1172 2378 1448 2420 Dolabellam
1474 2378 1715 2434 legationes
1742 2392 1902 2432 eorum,
1935 2379 1978 2418 et
2005 2377 2095 2431 qui-

395 2451 489 2491 dem
527 2466 637 2492 novo
677 2453 890 2506 exemplo,
935 2453 1085 2493 contra
1120 2450 1239 2505 leges
1276 2449 1486 2504 ipsorum,
1530 2448 1863 2504 prohibentibus
1897 2448 1976 2503 eis,
2021 2447 2094 2503 qui

395 2524 487 2562 tum
519 2523 800 2577 magistratus
827 2523 1047 2578 gerebant.
1079 2521 1226 2577 †haec
1253 2520 1341 2562 sive
1369 2522 1538 2576 timore,
1566 2522 1615 2562 ut
1642 2519 1857 2574 dictitant,
1888 2520 1938 2561 de
1965 2518 2094 2575 agris,

516 2655 544 2685 1.
575 2651 743 2685 sensibus
771 2662 802 2695 ς,
830 2651 979 2685 senibus
1005 2650 1102 2693 ΜΗ,
1130 2661 1152 2684 3
1178 2648 1328 2684 senibus
1354 2649 1392 2684 D
1411 2651 1423 2694 Η
1442 2654 1473 2684 2.
1500 2648 1672 2682 rhodium
1697 2648 1746 2692 D,
1772 2647 1919 2682 rodium
1944 2647 2013 2691 ΗΠ
2033 2647 2094 2681 de-

396 2721 490 2755 verti
522 2723 736 2767 ll'esenbergy,
763 2722 899 2756 reuerti
928 2725 967 2756 Ψ
984 2724 995 2766 ΙΙ
1015 2725 1045 2757 3.
1073 2708 1303 2764 iudicariltis,
1331 2732 1352 2754 a
1378 2733 1402 2754 a
1426 2733 1471 2755 m.
1494 2724 1530 2764 1,
1557 2720 1628 2762 ΗΗ
1647 2723 1680 2753 4.
1707 2718 1777 2765 eis]
1804 2718 1862 2753 his
1891 2720 1944 2762 Ψ,
1970 2717 2017 2752 116
2044 2729 2065 2755 ς
2084 2718 2095 2764 ΙΙ

398 2780 468 2803 cos.
495 2780 560 2804 om.
590 2772 629 2803 Ψ
651 2773 661 2812 Η
687 2781 758 2812 quo
786 2771 845 2814 M,
873 2771 973 2813 quod
993 2770 1073 2803 HD
1104 2773 1115 2813 {l
1148 2772 1202 2804 10.
1230 2767 1588 2811 diminutionemque
1609 2767 1700 2802 HD.
1734 2768 1908 2812 proxima
1930 2767 2095 2800 tua-bata.-

398 2817 430 2850 d.
463 2827 536 2850 11011
568 2816 686 2850 60111111
718 2817 808 2851 111116
840 2817 974 2860 nostri,
1014 2817 1078 2850 sed
1114 2816 1228 2850 etiam
1265 2815 1476 2850 maiestatis
1514 2814 1734 2859 imperiique
1771 2812 1902 2858 populi
1935 2812 2095 2846 Romani

394 2868 475 2906 pose
512 2865 603 2898 alios
634 2865 801 2907 Ernesti,
848 2867 931 2907 fort.
965 2869 1065 2899 recte.
1100 2865 1277 2899 traditum
1313 2864 1500 2899 verborum
1536 2863 1698 2897 ordinem
1733 2862 1886 2896 retinuit
1920 2860 2031 2894 Orelli
2062 2863 2095 2894 et

398 2910 630 2956 populifflue]
656 2913 801 2955 scripsit
820 2913 831 2955 ΙΙ
853 2916 906 2946 11.
933 2911 1051 2945 nostri
1078 2911 1169 2955 HD,
1195 2909 1331 2946 nostris
1357 2911 1405 2944 M
1420 2911 1431 2954 Η
1452 2913 1507 2945 13.
1534 2908 1783 2953 aegyptioque
1803 2908 1852 2941 M
1866 2908 1877 2951 Η
1897 2909 1952 2942 16.
1975 2905 2095 2940 minor

399 2957 501 2991 nulla
527 2959 585 3001 M,
618 2958 722 2992 1111113
752 2958 871 2992 minor
897 2959 977 2992 HD
1013 2961 1024 3002 Η
1062 2958 1296 3003 amphorum]
1325 2959 1370 3001 cf.
1397 2958 1535 2991 Ko'hler
1559 2957 1580 2990 Ζ.
1602 2967 1630 2990 c.
1652 2967 1690 2999 p.
1713 2959 1756 2988 15
1794 2955 1804 2998 ΙΙ
1843 2957 1897 2988 19.
1925 2954 1963 2987 et
1987 2964 2095 2988 sena—

399 3004 476 3036 tum
503 3005 558 3037 Hl
579 3006 589 3048 Η
610 3009 662 3039 '3-3.
691 3007 831 3050 omnes]
859 3005 1023 3039 latrones
1047 3006 1080 3039 C.
1104 3007 1149 3040 10.
1172 3006 1227 3041 W.
1250 3006 1387 3040 Muzler
1413 3004 1564 3048 (Philol.
1586 3002 1670 3036 XIX
1689 3013 1728 3046 p.
1750 3003 1832 3045 326)
1857 3002 1868 3045 ΙΙ
1894 3004 1949 3035 26.
1977 3000 2094 3035 etian-

399 3061 495 3084 nunc
522 3052 573 3085 M.
614 3054 657 3094 cf.
691 3053 758 3087 'n'cL
786 3054 900 3097 Longy.
931 3053 1049 3087 GLK.
1077 3052 1145 3086 VII
1166 3064 1203 3097 Ρ.
1228 3056 1281 3096 78,
1304 3054 1347 3085 19
1378 3053 1390 3096 ΙΙ
1422 3055 1475 3085 31.
1503 3049 1666 3095 binaefl‚
1695 3052 1783 3082 1—-2
1812 3049 1878 3082 litt.
1905 3060 1997 3092 ras,
2021 3048 2094 3093 ΙΙΙᾸΙ

400 3100 454 3131 32.
483 3097 550 3142 eis]
577 3097 634 3131 his
658 3101 704 3142 Ψ,
730 3099 775 3132 iis
803 3111 821 3135 ς
842 3103 927 3144 1132
950 3102 1003 3132 33.
1032 3099 1095 3143 qui
1120 3101 1200 3132 tum
1226 3101 1324 3146 (cum
1350 3099 1409 3144 H)
1438 3096 1680 3142 magistratus
1705 3095 1904 3142 gerebant]
1930 3097 1954 3131 i.
1977 3107 2003 3131 e.
2031 3096 2094 3141 qui
