2242 3496
679 156 1015 191 EPISTVLARVM
1046 157 1084 191 x.
1114 160 1167 191 ⁵24.
1196 160 1250 191 2313.
1278 161 1332 191 20.
1770 156 1852 196 267

159 264 279 308 cuius
313 268 380 306 est
413 264 515 306 haec
556 279 741 320 summa,
784 268 829 306 ut
868 265 1010 307 omnia
1045 270 1085 307 te
1120 266 1260 308 metiri
1300 265 1513 320 dignitate
1547 264 1693 306 malim
1728 280 1854 318 quain

159 336 408 389 ambitione,
446 335 733 390 maioremque
761 336 946 378 fructum
975 352 1131 392 ponere
1167 337 1207 378 in
1243 335 1529 391 perpetuitate
1562 335 1700 377 laudis
1728 351 1855 389 quam

161 407 201 448 in
242 406 462 448 celeritate
503 410 737 460 praeturae.
801 407 902 448 hacc
943 408 1088 449 cadem
1130 409 1298 449 locutus
1343 422 1436 448 sum
1475 406 1591 447 domi
1631 421 1748 447 meac
1789 407 1855 447 ad-

159 477 297 518 hibito
338 476 517 531 Quinto,
562 478 694 519 fratre
736 493 847 531 mco,
893 481 935 519 et
975 478 1158 521 Caecina
1196 483 1237 519 et
1277 477 1483 532 Calvisio,
1527 476 1856 518 studiosissimis

124 562 140 585 5
161 547 237 602 tui,
268 562 365 590 cum
399 547 637 602 Dardanus,
671 549 852 590 libertus
887 553 998 603 tuus,
1032 550 1275 591 interesset:
1309 549 1506 591 omnibus
1539 547 1713 603 probari
1747 547 1857 589 vide-

158 618 288 660 batur
321 619 459 661 oratio
495 635 605 674 mea,
638 620 710 661 sed
744 623 791 660 tu
824 620 984 674 optime
1017 619 1237 662 iudicabis.

840 724 996 767 xxvi.
1041 724 1176 782 (426.)

605 801 659 843 M.
694 799 906 844 CICERO
942 801 982 843 s.
1017 802 1065 843 D.
1099 801 1144 845 0.
1178 802 1415 846 FVRNIO.

276 877 419 920 Lectis
466 878 551 920 tuis
596 877 776 932 litteris,
831 879 986 933 quibus
1031 878 1279 920 declarabas
1325 882 1399 921 aut
1445 881 1707 922 omittendos
1752 879 1858 922 Nar-

109 964 140 988 10
161 949 362 991 bonensis
400 952 475 990 aut
514 963 609 991 cum
647 949 838 1004 periculo
884 949 1191 1003 dimicandum,
1235 950 1339 991 illud
1380 952 1517 1005 magis
1557 952 1699 1005 timui3
1745 953 1857 1006 quod

160 1020 343 1062 vitatum
388 1035 473 1062 non
525 1020 704 1062 moleste
749 1020 851 1061 fero.
925 1020 1037 1074 quod
1083 1021 1132 1061 (le
1178 1020 1325 1062 Planci
1371 1024 1413 1062 et
1457 1021 1579 1063 Bruti
1631 1023 1859 1065 concordia

161 1090 334 1144 scribis,
379 1091 423 1131 in
462 1106 510 1132 eo
553 1091 619 1132 vel
667 1091 897 1132 maximam
942 1105 1061 1145 spem
1106 1106 1219 1146 pono
1265 1092 1481 1133 victoriae.
1546 1093 1594 1133 de
1635 1093 1858 1135 Gallorum

159 1161 315 1216 studio,
343 1176 420 1203 nos
447 1161 677 1216 aliquando
701 1176 1021 1217 cognoscemus,
1048 1165 1097 1203 ut
1118 1162 1282 1217 scribis,
1310 1162 1428 1204 cuius
1456 1163 1496 1204 i‹l
1525 1178 1653 1218 opera
1674 1165 1858 1206 maxime

160 1232 393 1274 excitatum
439 1233 517 1286 sit3
563 1234 635 1274 sed
679 1233 787 1287 iam,
832 1233 937 1275 mihi
983 1233 1127 1288 crede,
1172 1234 1462 1289 cognovimus.
1532 1235 1677 1290 itaque
1718 1237 1860 1278 iucun-

109 1319 140 1343 15
160 1303 350 1344 dissimis
382 1304 470 1344 tuis
503 1303 661 1345 litteris
695 1304 993 1345 stomachatus
1026 1319 1121 1345 sum
1154 1305 1198 1346 in
1230 1308 1441 1359 extremo,
1474 1306 1627 1348 scribis
1661 1306 1792 1360 enim,
1825 1307 1860 1348 si

160 1374 203 1415 iu
238 1372 445 1416 Sextilem
478 1374 673 1429 comitia,
711 1375 797 1416 cito
837 1377 896 1426 tc,
936 1374 1002 1416 sin
1035 1374 1119 1416 iam
1154 1375 1366 1430 confecta,
1408 1376 1554 1429 citius,
1594 1376 1666 1417 ‘nc
1701 1378 1860 1419 (liutius

161 1459 255 1487 cum
288 1445 478 1500 periculo
512 1445 658 1487 fatuus
691 1446 777 1487 sis'.
841 1460 864 1487 o
898 1445 957 1486 mi
990 1445 1142 1500 Furni,
1181 1461 1308 1500 quam
1340 1449 1387 1488 tu
1420 1449 1539 1488 tuam
1573 1461 1745 1489 causam
1778 1464 1861 1490 non
1891 1468 1908 1489 ·.

159 1517 292 1569 nosti,
332 1515 405 1571 qui
439 1517 597 1558 alienas
631 1519 719 1558 tam
752 1516 878 1558 facile
911 1517 1070 1559 discas!
1128 1520 1175 1559 tu
1208 1532 1320 1559 nunc
1353 1518 1628 1560 candidatum
1661 1522 1703 1560 tc
1737 1522 1862 1573 putas

160 1591 203 1629 et
234 1587 276 1628 id
309 1588 495 1643 cogitas,
527 1590 575 1628 ut
606 1591 680 1628 aut
713 1588 765 1628 ad
798 1587 973 1629 comitia
1008 1603 1155 1630 curras
1189 1592 1282 1639 aut,
1315 1589 1351 1630 si
1384 1588 1470 1630 iam
1503 1589 1716 1644 confecta,
1747 1590 1863 1631 domi

108 1674 141 1697 :o
160 1661 259 1701 tuae
292 1659 364 1713 sis,
395 1674 447 1700 ne
480 1674 578 1701 cum
610 1659 797 1700 maximo
825 1658 1028 1713 periculo,
1059 1662 1108 1700 ut
1135 1659 1301 1713 scribis,
1336 1658 1619 1701 stultissimus
1647 1660 1738 1701 sis?
1778 1675 1863 1702 non

161 1729 348 1771 arbitror
379 1732 422 1771 te
455 1730 516 1771 ita
556 1728 732 1783 sentire,
771 1728 910 1770 omnis
948 1729 1062 1771 enim
1095 1733 1192 1771 tuos
1227 1730 1277 1771 ad
1311 1730 1480 1771 laudem
1519 1730 1706 1785 impetus
1745 1732 1863 1773 novi:

162 1800 275 1854 quod
307 1799 361 1854 si,
393 1803 442 1842 ut
475 1799 645 1853 scribis,
685 1800 747 1841 ita
779 1800 933 1854 sentis,
970 1814 1057 1841 non
1089 1799 1228 1855 magis
1262 1803 1304 1841 te
1337 1815 1465 1855 quam
1497 1801 1548 1842 de
1582 1804 1623 1842 te
1657 1801 1861 1844 iudicium

160 1870 424 1925 reprehendo
458 1885 612 1913 meum.
669 1874 712 1912 te
746 1871 1008 1925 adipiscendi
1042 1872 1323 1926 magistratus
1356 1871 1565 1913 levissimi
1599 1875 1641 1914 et
1673 1873 1863 1928 divulga-

159 1941 331 1994 tissimi,
365 1942 401 1984 si
427 1941 490 1983 ita
516 1941 766 1996 adipiscare,
798 1945 847 1983 ut
877 1941 1081 1997 plerique,
1115 1957 1403 1997 praepropera
1428 1942 1652 1985 festinatio
1681 1944 1864 1986 abducet

107 2027 186 2054 25a
216 2012 350 2054 tantis
383 2012 600 2067 laudibus,
640 2013 796 2067 quibus
830 2016 872 2054 te
906 2027 1053 2054 omnes
1087 2013 1130 2054 in
1164 2013 1327 2054 caelum
1361 2013 1451 2055 iure
1485 2016 1528 2055 et
1559 2028 1656 2055 vere
1689 2013 1862 2055 ferunt?

160 2083 327 2126 scilicet
358 2083 401 2125 id
434 2084 591 2140 agitur,
623 2088 769 2125 utrum
795 2084 876 2126 hac
902 2083 1113 2138 petitione
1148 2098 1201 2124 an
1233 2084 1430 2138 proxima
1456 2086 1630 2138 praetor
1655 2085 1745 2139 fias,
1778 2101 1864 2127 non

159 2157 208 2196 ut
253 2154 315 2196 ita
358 2155 408 2196 de
452 2169 496 2195 re
538 2170 576 2210 p.
622 2169 833 2208 mereare,
878 2154 995 2195 omni
1038 2154 1201 2195 honore
1247 2157 1295 2195 ut
1339 2154 1620 2210 dignissimus
1665 2155 1862 2198 iudicere.

161 2228 306 2267 utrum
343 2224 502 2279 nescis,
542 2239 670 2279 quam
711 2225 796 2266 alte
836 2225 1097 2278 ascenderis,
1140 2239 1193 2266 an
1231 2240 1310 2279 pro
1349 2225 1485 2267 nihilo
1525 2225 1567 2266 id
1606 2228 1764 2280 putas?
1827 2227 1862 2269 si

159 2297 318 2350 nescis,
357 2297 439 2338 tibi
478 2297 675 2351 ignosco,
714 2310 792 2337 nos
825 2296 869 2337 in
902 2296 1027 2350 culpa
1065 2310 1231 2350 sumus,
1273 2296 1338 2337 sin
1377 2296 1614 2351 intellegis,
1654 2297 1743 2338 ulla
1782 2298 1863 2339 tibi

109 2381 142 2406 30
162 2371 229 2409 est
262 2370 465 2422 praetura
489 2368 554 2408 vel
584 2366 740 2420 officio,
773 2367 886 2420 quod
919 2368 1055 2421 pauci,
1090 2367 1156 2408 vel
1191 2367 1342 2422 gloria,
1375 2381 1504 2420 quam
1537 2381 1684 2409 omnes
1719 2383 1862 2410 secun-

162 2441 249 2491 tur,
288 2438 483 2479 ‹lulcior‘.³
546 2438 625 2478 hac
664 2438 713 2478 ‹le
747 2452 790 2478 re
823 2441 866 2478 et
898 2452 979 2493 ego
1013 2441 1056 2479 et
1088 2437 1319 2490 Calvisius,
1363 2437 1492 2479 homo
1531 2439 1675 2494 magni
1716 2439 1862 2481 iudicii

162 2509 309 2562 tuique
337 2507 673 2562 amantissimus,
701 2512 741 2549 te
769 2522 1017 2550 accusamus
1044 2508 1212 2550 cotidie.
1267 2509 1444 2550 comitia
1470 2511 1626 2561 tamen,
1660 2510 1862 2564 quoniam

161 2593 212 2619 ex
250 2577 310 2620 eis
349 2579 525 2632 pendes,
569 2581 778 2632 quantum
822 2579 961 2621 facere
1000 2594 1246 2633 possumus,
1293 2580 1404 2634 quod
1444 2580 1592 2622 multis
1633 2581 1682 2622 (le
1722 2581 1861 2622 causis

164 2649 223 2690 rei
262 2665 299 2703 p.
339 2649 602 2690 arbitramur
643 2649 897 2703 conducere,
943 2650 984 2691 iu
1025 2649 1270 2691 Ianuarium
1319 2665 1507 2692 mensem
1555 2652 1862 2705 protrudimus.

109 2735 142 2759 35
165 2719 282 2761 vince
315 2718 451 2775 igitur
484 2722 525 2761 et
557 2720 662 2761 vale.

284 2828 312 2859 1.
341 2823 527 2870 dignitate
553 2822 681 2858 malim
708 2824 746 2859 D
773 2825 875 2869 (ΜΓ),
903 2825 1126 2869 dignitatem
1152 2824 1279 2860 malim
1308 2826 1363 2869 Il,
1400 2825 1623 2871 dignitatem
1650 2825 1763 2861 aliam
1790 2828 1837 2862 M

163 2875 193 2907 4.
221 2871 372 2916 quincto
394 2872 447 2915 M,
475 2871 619 2915 quintio
641 2872 684 2905 J!
699 2873 710 2915 ΙΙ
732 2875 784 2906 10.
813 2872 927 2918 quod]
950 2872 1017 2906 hoc
1038 2872 1139 2916 Ros-t,
1168 2874 1305 2908 iniuria
1329 2878 1418 2918 puto
1439 2875 1449 2915 Η
1471 2877 1523 2909 15.
1551 2873 1625 2907 tuis
1652 2873 1786 2908 litteris
1808 2876 1862 2919 M,

163 2918 298 2954 litteris
331 2918 406 2953 tuis
433 2919 512 2953 HI)
531 2922 542 2963 ΙΙ
564 2922 617 2953 16.
644 2920 680 2953 te
707 2931 773 2954 om.
806 2921 840 2953 ΙΙ
859 2921 944 2964 1118.
972 2919 1214 2954 candidatum
1242 2920 1319 2963 D·-·‚
1356 2920 1547 2955 canditum
1575 2922 1633 2965 M,
1673 2921 1863 2957 conditum

164 2966 364 3010 ΙΙΒ11119.
392 2966 562 3011 cognitas
590 2967 637 3000 M
659 2966 817 3012 ‹cogitas
845 2967 922 3010 ΜΓ)
951 2969 962 3011 Η
994 2971 1048 3000 20,
1078 2966 1128 3001 sis
1155 2979 1198 3001 ne
1227 2968 1276 3011 II,
1304 2967 1380 3002 sine
1407 2980 1451 3002 em
1477 2967 1577 3002 sicne
1602 2969 1763 3004 radendo
1789 2970 1836 3004 M

163 3024 209 3048 ne
231 3034 270 3038 —
294 3013 344 3048 sis
370 3025 434 3049 om.
463 3013 501 3048 D
519 3015 531 3058 ΙΙ
551 3013 710 3048 maxime
737 3014 782 3048 M
799 3016 809 3058 Η
835 3018 890 3049 27.
919 3013 1082 3048 iudicare
1115 3016 1153 3048 Ψ
1173 3016 1184 3059 ΙΙ
1211 3019 1264 3049 30.
1293 3018 1346 3049 31.
1376 3017 1579 3059 sequuntur
1605 3015 1650 3051 M
1672 3017 1682 3059 ΙΙ
1710 3020 1763 3051 33.
1792 3016 1861 3062 eis]

166 3059 210 3094 iis
237 3061 291 3104 M,
317 3060 374 3095 his
404 3061 482 3095 HD
509 3064 521 3106 ss
552 3066 607 3097 34.
634 3060 870 3106 producimus
900 3062 938 3096 ll
970 3064 981 3106 ΙΙ
1013 3064 1066 3096 35.
1094 3063 1215 3097 eadem
1241 3063 1406 3097 clausula
1432 3062 1491 3107 XI,
1519 3066 1574 3107 25,
1596 3068 1639 3098 2:
1662 3062 1797 3101 V‘vince
1823 3068 1860 3099 et

168 3106 276 3144 vale.’
299 3110 354 3143 ·tc
379 3109 447 3143 (ιῖίιῗ
475 3111 650 3154 stavunt,
677 3110 764 3144 malr
783 3111 794 3152 11
816 3107 886 3144 ual.
916 3109 960 3143 M
