2242 3496
313 196 357 229 [V
1022 183 1305 220 PRAEFATIO.

305 303 594 356 yrammaticos
624 300 905 350 doctrinaeque
937 289 1173 347 omm'yemaes
1204 295 1427 333 amatores:
1462 290 1715 332 adferuntur
1748 291 1957 345 epistulae
1988 305 2012 331 a

315 373 458 417 Gellio,
493 373 628 412 Nonio
654 395 711 400 —
738 369 803 410 vel
836 366 981 421 potius
1009 363 1141 405 Nonii
1175 363 1424 403 auctoribus
1457 387 1521 416 —‚
1555 362 1778 416 Maerobzv,
1807 361 2014 413 Chao-isio,

311 444 419 486 aliis,
480 444 626 496 itaque
665 442 811 495 potest
844 439 930 478 fere
965 435 1048 476 dici
1083 450 1126 475 re
1160 435 1489 488 comprobatum
1522 433 1728 474 iudicium
1759 433 1864 474 illud
1898 433 2012 487 quod

311 516 361 556 de
394 515 454 554 eis
486 513 591 553 facit
622 512 786 552 Fronto
815 533 869 538 -—
897 507 1017 548 cuius
1050 509 1196 546 tamen
1227 505 1365 559 ipsius
1399 503 1608 557 epistulae
1641 503 1882 559 perlegenti
1914 518 2015 544 nau-

313 600 427 626 seam
458 585 633 624 movent
657 597 725 621 ——:
760 581 925 620 ‘omnes
953 579 1095 618 autem
1125 575 1341 617 Ciceronis
1375 574 1582 629 epistulas
1614 574 1816 628 legendas
1849 588 2014 627 censeo7

314 671 407 697 mea
434 653 648 696 sententia
674 652 739 693 vel
770 650 910 705 magis
938 663 1066 703 quam
1094 661 1241 688 omnes
1269 647 1360 687 eius
1388 644 1617 686 orationes.
1675 645 1872 699 epistulis
1900 645 2015 687 Cice-

311 727 427 768 ronis
459 724 567 766 nihil
600 726 665 764 est
698 720 946 776 perfectius'
980 719 1050 775 (ad
1077 718 1238 760 Anton.
1265 718 1366 771 imp.
1394 716 1449 770 Π,
1476 717 1502 758 5
1535 732 1574 771 p.
1600 717 1678 757 107
1713 713 1898 772 Nab.).¹)

431 797 624 836 insecuta
663 793 812 833 deinde
853 805 960 845 quae
998 794 1177 832 vocatur
1218 788 1357 829 media
1396 791 1515 829 aetas
1558 802 1819 842 quamquam
1858 786 2015 827 Tullia-

311 883 465 909 norum
493 865 748 918 studiorum,
781 866 993 918 quatenus
1020 862 1287 913 colebantur,
1320 859 1425 900 alias
1452 862 1598 913 partes
1630 858 1739 900 fovit
1771 859 1900 912 inque
1933 859 2017 913 epi-

310 939 435 980 stulis
470 935 775 990 componendis
809 949 907 975 suas
941 936 1087 974 secuta
1121 935 1188 973 est
1223 931 1414 986 regulas,
1454 930 1596 970 varias
1629 944 1700 970 eas
1734 930 1905 983 quidem
1937 944 2016 984 pro

309 1012 449 1067 aetate
492 1006 717 1061 scriptoris
759 1020 922 1060 proque
965 1018 1120 1059 genere
1163 1001 1374 1056 epistulae
1416 1001 1490 1041 sed
1531 1015 1555 1040 a
1596 1000 1807 1041 Tullianis
1849 1015 2016 1054 semper

310 1082 497 1122 diversas
514 1077 566 1134 2),
609 1081 753 1118 tamen
791 1092 843 1117 ne
882 1077 977 1131 ipsa
1015 1075 1188 1130 quidem
1227 1072 1447 1115 Ciceronis
1487 1071 1772 1126 epistularum
1810 1086 2016 1125 umquam

310 1152 435 1206 plane
469 1153 534 1191 est
566 1149 719 1190 oblita:
760 1162 838 1189 nec
873 1147 946 1201 qui
985 1146 1180 1200 legerent
1213 1144 1441 1185 defuerunt
1472 1157 1550 1183 nec
1584 1141 1657 1196 qui
1689 1142 2016 1183 transcribendo

310 1223 613 1278 propagarent.
664 1234 750 1260 una
777 1218 991 1260 acciderat
1017 1217 1181 1258 formae
1208 1215 1450 1257 conversio:
1487 1216 1642 1267 quarto
1669 1213 1784 1254 enim
1810 1213 2016 1268 quintove

311 1293 480 1335 saeculo
520 1292 635 1332 facta
659 1293 766 1331 *erat
804 1288 989 1331 mutatio
1029 1287 1104 1328 illa
1144 1301 1228 1341 qua
1266 1285 1448 1340 dispersi
1486 1284 1623 1325 libelli
1662 1284 1877 1338 compacti
1916 1287 2017 1325 sunt

312 1365 356 1406 in
399 1363 663 1405 voluminum
707 1361 879 1403 vincula
919 1362 1153 1412 natumque
1195 1357 1380 1399 sedecim
1427 1357 1637 1397 librorum
1682 1370 1848 1409 corpus.
1912 1358 2018 1410 quot

311 1436 445 1477 libros
486 1434 612 1475 initio
650 1432 872 1474 volumina
910 1431 1081 1486 singula
1113 1429 1332 1479 tenuerint
1370 1428 1600 1468 incertum:
1629 1441 1732 1482 ,non
1764 1430 1910 1467 tamen
1941 1426 2017 1467 im-

310 1504 549 1561 probabilis
584 1505 627 1545 L.
658 1503 857 1558 Gurlittii
890 1500 1006 1558 (ann.
1034 1500 1135 1555 phil.
1168 1500 1281 1541 1885
1312 1515 1352 1554 p.
1373 1499 1479 1553 5622>
1519 1498 1766 1540 coniectura
1803 1512 1887 1551 qua
1919 1512 2017 1551 qua-

311 1582 458 1620 ternos
491 1577 658 1618 statuit.
710 1575 835 1628 hanc,
869 1574 903 1615 si
937 1573 1032 1627 fuit,
1065 1572 1251 1613 formam
1284 1569 1453 1624 excepit
1486 1570 1720 1623 octonaria,
1753 1583 1861 1623 quae
1889 1568 2019 1609 dubia

311 1664 399 1691 non
432 1651 497 1691 est
528 1651 583 1699 (v.
610 1646 754 1702 infra).

429 1724 477 1762 ut
508 1719 642 1776 igitur
672 1718 943 1760 saeculorum
973 1715 1128 1757 seriem
1155 1728 1398 1768 sequamur,
1431 1713 1569 1753 adhuc
1601 1712 1707 1752 haec
1734 1710 2018 1765 epistularum

313 1792 519 1833 memoria
538 1790 728 1832 innotuit
745 1787 800 1845 (v.
816 1791 1038 1843 praeterea
1054 1785 1204 1827 Orellii
1224 1783 1376 1839 praef.2
1396 1781 1650 1838 p.V1sq.).³)
1680 1785 1825 1824 sexto
1848 1782 2017 1823 saeculo

434 1922 467 1965 1)
494 1921 688 1963 tamquam
715 1915 989 1952 sermocinandi
1015 1925 1184 1948 normam
1210 1924 1272 1947 eas
1299 1912 1475 1958 proponit
1500 1911 1616 1946 etiam
1642 1911 1764 1945 Iulius
1785 1911 1908 1945 Victor
1934 1911 2017 1955 (art.

312 1969 404 2002 rhet.
426 1979 454 2002 c.
477 1971 520 2001 26
547 1979 581 2011 p.
605 1970 671 2000 447
693 1965 839 2010 Halm):
869 1963 1043 1997 ‘multum
1071 1962 1118 1996 ad
1145 1961 1323 1996 sermonis
1345 1959 1574 2005 elegantiam
1594 1957 1785 1993 conferent
1804 1957 2019 1992 comoediae

313 2018 456 2049 veteres
484 2017 521 2048 et
541 2016 694 2059 togatae
718 2015 756 2047 et
775 2010 1013 2046 tabernariae
1034 2012 1071 2043 et
1091 2008 1288 2043 Atellanae
1315 2007 1468 2042 fabulae
1494 2008 1531 2041 et
1556 2005 1834 2049 mimofabulae,
1861 2005 2020 2039 multum

314 2063 428 2097 etiam
461 2062 641 2106 epistolae
674 2062 835 2103 veteres,
875 2059 912 2092 in
945 2057 1075 2103 primis
1107 2056 1339 2098 Tullianae’,
1377 2067 1411 2090 v.
1431 2055 1482 2089 ib.
1505 2066 1533 2089 c.
1555 2057 1616 2088 27:
1658 2053 1718 2087 ‘de
1745 2052 1942 2098 epistolis'.
1976 2074 2014 2077 -

314 2112 475 2145 ceterum
502 2109 674 2153 equidem
702 2109 738 2142 et
763 2107 838 2151 legi
869 2104 1191 2150 epistolographos
1218 2104 1405 2137 Romanos
1438 2104 1476 2137 et
1508 2100 1685 2148 attuli-si
1716 2100 1807 2145 quid
1838 2100 2021 2134 haberent

315 2157 472 2192 servatis
498 2156 620 2191 verbis
647 2156 738 2200 ipsis
766 2155 1004 2198 desumptum
1030 2163 1075 2186 ex
1101 2151 1285 2186 Cicerone.
1331 2162 1404 2184 non
1430 2152 1558 2184 tamen
1590 2150 1655 2183 aut
1683 2148 1784 2182 volui
1818 2149 1884 2182 aut
1911 2147 2020 2192 potui

314 2205 479 2239 indicare
507 2204 537 2238 si
564 2215 659 2248 quae
686 2202 764 2236 illic
791 2202 961 2236 extarent
987 2199 1171 2233 Tullianis
1198 2199 1264 2232 aut
1290 2209 1378 2232 casu
1405 2198 1470 2232 aut
1492 2196 1647 2231 consilio
1668 2195 1806 2229 similia
1828 2216 1869 2220 —
1891 2194 2020 2239 qualia

314 2265 346 2287 v,
370 2264 398 2287 c.
426 2252 525 2296 apud
544 2251 707 2285 Plinium
728 2252 765 2284 et
784 2249 1009 2283 Frontonem
1033 2246 1152 2280 multa
1173 2245 1323 2291 congeri
1342 2246 1499 2290 possunt
1521 2260 1580 2279 —z
1607 2243 1713 2278 labor
1735 2242 1833 2276 enim
1853 2242 2020 2276 infinitus

317 2302 354 2334 et
380 2300 476 2333 unde
504 2298 756 2333 emendationi
781 2296 876 2331 nihil
902 2296 1042 2330 fructus
1069 2296 1266 2328 accrescat.

435 2350 470 2390 2>
497 2346 598 2380 haud
618 2357 754 2390 parvus
776 2344 926 2389 quide-m
947 2343 1051 2377 extat
1071 2341 1315 2386 epistularum
1335 2351 1508 2374 numerus
1528 2338 1778 2373 Monumentis
1800 2336 2020 2372 Germaniae

315 2394 513 2428 Historicis
539 2392 738 2438 paullatim
769 2391 1052 2426 inserendarum
1078 2392 1125 2433 (v.
1146 2388 1399 2422 wattenbach
1432 2389 1469 2421 et
1495 2386 1692 2421 Grundlach
1727 2387 1853 2420 τ1161166
1882 2384 2019 2419 Archiv

264 2451 267 2453 ·
317 2442 350 2476 d.
384 2442 464 2476 Ges.
499 2442 522 2476 f.
556 2441 621 2475 alt.
656 2439 832 2474 deutsche
867 2438 1011 2473 Gresch.7
1047 2437 1125 2471 XII.
1156 2439 1256 2470 1587.
1284 2448 1318 2480 p.
1341 2439 1407 2469 241
1425 2447 1494 2478 sq.‚
1528 2447 1562 2479 p.
1585 2438 1652 2468 455
1668 2435 1754 2478 sq.),
1795 2433 1860 2467 sed
1894 2443 2020 2477 quem-

318 2489 517 2523 admodum
544 2499 587 2521 ex
614 2487 726 2522 editis
753 2487 874 2520 adhuc
901 2484 1072 2529 epistulis
1098 2483 1194 2517 nihil
1219 2482 1445 2517 redundavit
1470 2482 1519 2516 ad
1542 2482 1635 2516 haec
1655 2482 1783 2515 nostra
1803 2479 1939 2524 studia,
1965 2479 2022 2514 ita

317 2536 452 2581 exigua
478 2547 560 2580 spes
586 2536 758 2579 ponenda
783 2534 822 2568 111
847 2533 963 2568 novis.
1009 2543 1077 2566 nec
1102 2530 1186 2575 plus
1209 2530 1401 2575 proficitur
1421 2529 1629 2574 adsumptis
1653 2527 1839 2562 ‘dictandi
1858 2527 2017 2561 artibus'

316 2583 392 2617 illis
419 2594 513 2627 quae
546 2583 631 2616 inde
665 2594 686 2616 a
718 2593 812 2616 saec.
841 2581 889 2614 XI
921 2580 960 2614 in
992 2579 1103 2613 Italia
1137 2578 1298 2623 primum
1331 2577 1503 2622 componi
1536 2578 1622 2610 sunt
1654 2576 1824 2620 coeptae:
1863 2573 2022 2621 cognovi

318 2631 468 2674 quidem
495 2632 531 2663 et
557 2641 651 2674 quae
679 2630 750 2663 huc
776 2628 965 2673 pertinent
991 2625 1265 2671 disputationes
1299 2627 1336 2659 et
1361 2636 1455 2669 quae
1489 2623 1671 2658 editiones
1698 2624 1744 2668 (v.
1766 2621 2021 2656 Wattenbach

319 2678 357 2711 in
385 2677 534 2711 ‘Archiv
556 2677 578 2711 f.
602 2677 731 2710 Kunde
753 2678 899 2710 oesterr.
923 2673 1193 2717 Geschichtsq.'
1224 2672 1318 2707 XIV.
1348 2676 1449 2706 1855.
1476 2684 1510 2716 p.
1533 2675 1576 2705 29
1593 2683 1659 2715 sq„
1685 2669 1897 2714 Rockinger
1917 2669 2020 2704 Sim.-

318 2725 397 2759 Ber.
426 2725 458 2758 d.
486 2725 611 2767 bayer.
639 2723 757 2757 Akad.
790 2727 876 2757 1361
904 2723 920 2755 Ι
945 2735 980 2767 p.
1003 2726 1046 2756 98
1062 2733 1132 2765 sq.‚
1171 2720 1272 2754 idem
1299 2718 1544 2754 ‘Briefsteller
1575 2731 1610 2754 u,
1637 2717 1924 2752 Formelbiicher
1956 2716 2020 2750 des

319 2772 521 2806 XL—XIV.
542 2771 679 2805 Iahrh.'
703 2771 742 2804 in
766 2770 936 2811 ''Quellen
954 2782 981 2804 z.
996 2769 1123 2813 bayer.
1144 2780 1179 2802 u.
1196 2767 1399 2801 deutschen
1413 2766 1560 2801 Gesoh’
1584 2766 1643 2801 IX.
1666 2768 1769 2809 1863,
1790 2764 1876 2799 Nat.
1890 2763 2020 2798 Valois

323 2819 383 2853 ‘de
416 2820 494 2852 arte
527 2817 712 2853 scribendi
744 2818 922 2862 epistolas
962 2815 1061 2862 apud
1092 2815 1257 2850 Gallicos
1296 2814 1411 2848 medii
1443 2813 1527 2848 aevi
1560 2813 1758 2858 scriptores
1789 2811 2017 2846 rhetoresve’

321 2865 407 2900 diss.
427 2866 542 2900 Paris.
565 2869 655 2899 1880
675 2878 709 2910 p.
725 2868 769 2898 24
779 2877 844 2908 sq.‚
871 2864 914 2898 H.
936 2863 1110 2898 Bresslau
1133 2863 1293 2897 ‘Handb
1316 2862 1350 2896 d.
1371 2861 1615 2896 Urkundenl.'
1639 2861 1665 2895 1.
1689 2862 1790 2894 1889.
1811 2870 1846 2903 p.
1863 2860 2020 2904 624sq.)‚

322 2914 385 2947 sed
412 2924 495 2947 cum
520 2913 642 2947 fructu
667 2912 884 2956 perexiguo:
911 2923 1025 2944 unum
1051 2911 1123 2945 huc
1148 2910 1242 2944 facit
1266 2909 1467 2953 frustulum
1493 2912 1539 2952 (v.
1566 2920 1601 2953 p.
1622 2907 1672 2941 IX
1686 2908 1765 2951 sq.).

441 2962 474 3004 3)
499 2962 584 3003 post
617 2959 796 2994 Orellium
827 2959 906 3002 ipse
945 2969 1090 3001 quoque
1122 2957 1224 2991 haud
1255 2968 1394 3002 paucos
1430 2955 1545 2990 medii
1583 2954 1667 2989 aevi
1704 2953 1902 2998 scriptores
1939 2964 2020 2998 per-

323 3008 506 3042 scrutatus
535 3019 633 3050 sum,
661 3007 820 3040 maxime
847 3016 910 3039 eos
938 3005 1037 3049 apud
1063 3016 1154 3048 quos
1181 3006 1332 3049 propter
1358 3003 1516 3038 aliorum
1541 3001 1727 3037 Ciceronis
1761 3000 2022 3046 opusculorum

321 3054 496 3088 notitiam
517 3053 630 3087 etiam
650 3053 894 3098 epistularum
914 3052 1131 3086 memoriam
1145 3063 1321 3096 quaerere
1341 3051 1492 3086 licebat.
1532 3049 1736 3094 quaerendi
1755 3050 1882 3083 tamen
1901 3048 2022 3083 labori

321 3102 462 3135 fructus
488 3112 561 3134 non
586 3101 787 3144 respondit.
831 3100 935 3134 velut
967 3110 1010 3132 ex
1041 3099 1254 3134 hominibus
1287 3098 1406 3133 doctis
1440 3097 1524 3132 aevi
1549 3096 1728 3139 Carolini‚
1765 3096 1864 3140 quod
1895 3097 2022 3130 tamen

322 3150 467 3192 praeter
494 3148 683 3182 Sedulium
716 3150 753 3182 et
783 3147 926 3191 Lupum
958 3146 1229 3180 Ferrariensem
1262 3146 1352 3180 tulit
1384 3150 1430 3190 (v.
1463 3145 1575 3191 infra)
1607 3147 1645 3180 et
1677 3144 1771 3179 alios
1807 3143 2022 3178 'saecularis
