<?xml version="1.0" encoding="UTF-8"?>
<!DOCTYPE html PUBLIC "-//W3C//DTD XHTML 1.0 Transitional//EN"
    "http://www.w3.org/TR/xhtml1/DTD/xhtml1-transitional.dtd">
<html xmlns="http://www.w3.org/1999/xhtml" xml:lang="en" lang="en">
 <head>
  <title>
</title>
<meta http-equiv="Content-Type" content="text/html;charset=utf-8" />
  <meta name='ocr-system' content='tesseract 3.04.00' />
  <meta name='ocr-capabilities' content='ocr_page ocr_carea ocr_par ocr_line ocrx_word'/>
</head>
<body>
  <div class='ocr_page' id='page_1' title='image "./epistularumlibri00ciceuoft_0229.png"; bbox 0 0 2242 3496; ppageno 0'>
   <div class='ocr_carea' id='block_1_1' title="bbox 718 163 1856 206">
    <p class='ocr_par' dir='ltr' id='par_1_1' title="bbox 718 163 1856 206">
     <span class='ocr_line' id='line_1_1' title="bbox 718 163 1856 206; baseline 0.006 -8"><span class='ocrx_word' id='word_1_1' title='bbox 718 163 1054 199; x_wconf 69' lang='lat' dir='ltr'><strong>EPISTVLARVM</strong></span> <span class='ocrx_word' id='word_1_2' title='bbox 1083 163 1176 199; x_wconf 77' lang='lat' dir='ltr'><strong>VIII.</strong></span> <span class='ocrx_word' id='word_1_3' title='bbox 1204 169 1235 199; x_wconf 82' lang='lat'>3.</span> <span class='ocrx_word' id='word_1_4' title='bbox 1264 168 1293 198; x_wconf 72' lang='lat'>4.</span> <span class='ocrx_word' id='word_1_5' title='bbox 1774 164 1856 206; x_wconf 86' lang='grc'>189</span> 
     </span>
    </p>
   </div>
   <div class='ocr_carea' id='block_1_2' title="bbox 101 273 1858 2316">
    <p class='ocr_par' dir='ltr' id='par_1_2' title="bbox 101 273 1858 2316">
     <span class='ocr_line' id='line_1_2' title="bbox 157 273 1856 328; baseline -0.002 -13"><span class='ocrx_word' id='word_1_6' title='bbox 157 276 241 328; x_wconf 88' lang='lat' dir='ltr'>est,</span> <span class='ocrx_word' id='word_1_7' title='bbox 284 273 366 315; x_wconf 91' lang='lat' dir='ltr'>hoc</span> <span class='ocrx_word' id='word_1_8' title='bbox 410 274 604 314; x_wconf 73' lang='lat' dir='ltr'><strong>scaturit.</strong></span> <span class='ocrx_word' id='word_1_9' title='bbox 674 273 800 314; x_wconf 84' lang='lat' dir='ltr'>huius</span> <span class='ocrx_word' id='word_1_10' title='bbox 846 277 989 315; x_wconf 84' lang='lat' dir='ltr'>autem</span> <span class='ocrx_word' id='word_1_11' title='bbox 1032 274 1268 315; x_wconf 81' lang='lat' dir='ltr'>voluntatis</span> <span class='ocrx_word' id='word_1_12' title='bbox 1311 273 1482 315; x_wconf 89' lang='lat' dir='ltr'>initium</span> <span class='ocrx_word' id='word_1_13' title='bbox 1524 276 1568 314; x_wconf 90' lang='lat' dir='ltr'>et</span> <span class='ocrx_word' id='word_1_14' title='bbox 1609 287 1737 314; x_wconf 85' lang='lat' dir='ltr'>causa</span> <span class='ocrx_word' id='word_1_15' title='bbox 1779 276 1856 325; x_wconf 74' lang='lat' dir='ltr'>est,</span> 
     </span>
     <span class='ocr_line' id='line_1_3' title="bbox 158 342 1855 399; baseline -0.001 -14"><span class='ocrx_word' id='word_1_16' title='bbox 158 343 272 399; x_wconf 91' lang='lat' dir='ltr'>quod</span> <span class='ocrx_word' id='word_1_17' title='bbox 304 358 400 385; x_wconf 86' lang='lat' dir='ltr'>eum</span> <span class='ocrx_word' id='word_1_18' title='bbox 439 357 523 384; x_wconf 88' lang='lat' dir='ltr'>non</span> <span class='ocrx_word' id='word_1_19' title='bbox 565 344 838 385; x_wconf 77' lang='lat' dir='ltr'>mediocriter</span> <span class='ocrx_word' id='word_1_20' title='bbox 871 342 1045 397; x_wconf 79' lang='lat' dir='ltr'>Caesar,</span> <span class='ocrx_word' id='word_1_21' title='bbox 1087 344 1158 398; x_wconf 92' lang='lat' dir='ltr'>qui</span> <span class='ocrx_word' id='word_1_22' title='bbox 1198 343 1311 385; x_wconf 87' lang='lat' dir='ltr'>solet</span> <span class='ocrx_word' id='word_1_23' title='bbox 1348 344 1595 385; x_wconf 85' lang='lat' dir='ltr'>infimorum</span> <span class='ocrx_word' id='word_1_24' title='bbox 1632 344 1855 384; x_wconf 85' lang='lat' dir='ltr'>hominum</span> 
     </span>
     <span class='ocr_line' id='line_1_4' title="bbox 157 413 1857 469; baseline -0.001 -14"><span class='ocrx_word' id='word_1_25' title='bbox 157 413 393 455; x_wconf 81' lang='lat' dir='ltr'>amicitiam</span> <span class='ocrx_word' id='word_1_26' title='bbox 433 414 515 454; x_wconf 87' lang='lat' dir='ltr'>sibi</span> <span class='ocrx_word' id='word_1_27' title='bbox 556 414 749 467; x_wconf 87' lang='lat' dir='ltr'>qualibet</span> <span class='ocrx_word' id='word_1_28' title='bbox 788 414 966 469; x_wconf 83' lang='lat' dir='ltr'>inpensa</span> <span class='ocrx_word' id='word_1_29' title='bbox 998 415 1249 469; x_wconf 82' lang='lat' dir='ltr'>adiungere,</span> <span class='ocrx_word' id='word_1_30' title='bbox 1288 415 1408 456; x_wconf 88' lang='lat' dir='ltr'>valde</span> <span class='ocrx_word' id='word_1_31' title='bbox 1448 414 1726 469; x_wconf 68' lang='lat' dir='ltr'>contempsit,</span> <span class='ocrx_word' id='word_1_32' title='bbox 1773 429 1857 468; x_wconf 83' lang='lat' dir='ltr'>qua</span> 
     </span>
     <span class='ocr_line' id='line_1_5' title="bbox 157 483 1855 541; baseline 0 -16"><span class='ocrx_word' id='word_1_33' title='bbox 157 484 201 526; x_wconf 90' lang='lat' dir='ltr'>in</span> <span class='ocrx_word' id='word_1_34' title='bbox 226 498 270 525; x_wconf 89' lang='lat' dir='ltr'>re</span> <span class='ocrx_word' id='word_1_35' title='bbox 299 483 403 525; x_wconf 87' lang='lat' dir='ltr'>mihi</span> <span class='ocrx_word' id='word_1_36' title='bbox 438 483 606 526; x_wconf 81' lang='lat' dir='ltr'>videtur</span> <span class='ocrx_word' id='word_1_37' title='bbox 639 485 743 526; x_wconf 89' lang='lat' dir='ltr'>illud</span> <span class='ocrx_word' id='word_1_38' title='bbox 778 500 983 539; x_wconf 79' lang='lat' dir='ltr'>perquam</span> <span class='ocrx_word' id='word_1_39' title='bbox 1018 489 1194 526; x_wconf 89' lang='lat' dir='ltr'>venuste</span> <span class='ocrx_word' id='word_1_40' title='bbox 1228 486 1442 540; x_wconf 87' lang='lat' dir='ltr'>cecidisse,</span> <span class='ocrx_word' id='word_1_41' title='bbox 1477 486 1589 541; x_wconf 92' lang='lat' dir='ltr'>quod</span> <span class='ocrx_word' id='word_1_42' title='bbox 1622 500 1646 526; x_wconf 91' lang='lat' dir='ltr'>a</span> <span class='ocrx_word' id='word_1_43' title='bbox 1679 485 1855 539; x_wconf 85' lang='lat' dir='ltr'>reliquis</span> 
     </span>
     <span class='ocr_line' id='line_1_6' title="bbox 120 556 1855 611; baseline 0 -15"><span class='ocrx_word' id='word_1_44' title='bbox 120 569 326 610; x_wconf 61' lang='lat' dir='ltr'>aquoque</span> <span class='ocrx_word' id='word_1_45' title='bbox 367 569 502 609; x_wconf 90' lang='lat' dir='ltr'>usque</span> <span class='ocrx_word' id='word_1_46' title='bbox 541 570 590 596; x_wconf 94' lang='lat' dir='ltr'>eo</span> <span class='ocrx_word' id='word_1_47' title='bbox 630 559 695 596; x_wconf 86' lang='lat' dir='ltr'>est</span> <span class='ocrx_word' id='word_1_48' title='bbox 735 556 1099 610; x_wconf 76' lang='lat' dir='ltr'>animadversum,</span> <span class='ocrx_word' id='word_1_49' title='bbox 1140 560 1189 598; x_wconf 90' lang='lat' dir='ltr'>ut</span> <span class='ocrx_word' id='word_1_50' title='bbox 1228 556 1376 611; x_wconf 80' lang='lat' dir='ltr'>Curio,</span> <span class='ocrx_word' id='word_1_51' title='bbox 1418 556 1489 611; x_wconf 86' lang='lat' dir='ltr'>qui</span> <span class='ocrx_word' id='word_1_52' title='bbox 1527 556 1635 597; x_wconf 90' lang='lat' dir='ltr'>nihil</span> <span class='ocrx_word' id='word_1_53' title='bbox 1675 556 1855 598; x_wconf 89' lang='lat' dir='ltr'>consilio</span> 
     </span>
     <span class='ocr_line' id='line_1_7' title="bbox 155 625 1855 682; baseline 0.001 -16"><span class='ocrx_word' id='word_1_54' title='bbox 155 625 278 678; x_wconf 86' lang='lat' dir='ltr'>facit,</span> <span class='ocrx_word' id='word_1_55' title='bbox 317 625 483 666; x_wconf 89' lang='lat' dir='ltr'>ratione</span> <span class='ocrx_word' id='word_1_56' title='bbox 524 630 568 667; x_wconf 86' lang='lat' dir='ltr'>et</span> <span class='ocrx_word' id='word_1_57' title='bbox 608 626 773 667; x_wconf 81' lang='lat' dir='ltr'>insidiis</span> <span class='ocrx_word' id='word_1_58' title='bbox 814 641 915 667; x_wconf 78' lang='lat' dir='ltr'>usus</span> <span class='ocrx_word' id='word_1_59' title='bbox 956 627 1172 668; x_wconf 87' lang='lat' dir='ltr'>videretur</span> <span class='ocrx_word' id='word_1_60' title='bbox 1210 628 1254 668; x_wconf 90' lang='lat' dir='ltr'>in</span> <span class='ocrx_word' id='word_1_61' title='bbox 1292 628 1502 669; x_wconf 77' lang='lat' dir='ltr'>evitandis</span> <span class='ocrx_word' id='word_1_62' title='bbox 1535 627 1745 682; x_wconf 79' lang='lat' dir='ltr'>consiliis,</span> <span class='ocrx_word' id='word_1_63' title='bbox 1784 627 1855 681; x_wconf 88' lang='lat' dir='ltr'>qui</span> 
     </span>
     <span class='ocr_line' id='line_1_8' title="bbox 156 696 1856 739; baseline 0.001 -2"><span class='ocrx_word' id='word_1_64' title='bbox 156 710 200 738; x_wconf 87' lang='lat' dir='ltr'>se</span> <span class='ocrx_word' id='word_1_65' title='bbox 233 696 508 737; x_wconf 82' lang='lat' dir='ltr'>intenderant</span> <span class='ocrx_word' id='word_1_66' title='bbox 540 696 808 737; x_wconf 87' lang='lat' dir='ltr'>adversarios</span> <span class='ocrx_word' id='word_1_67' title='bbox 841 697 885 737; x_wconf 88' lang='lat' dir='ltr'>in</span> <span class='ocrx_word' id='word_1_68' title='bbox 918 696 1007 737; x_wconf 88' lang='lat' dir='ltr'>eius</span> <span class='ocrx_word' id='word_1_69' title='bbox 1041 697 1329 738; x_wconf 86' lang='lat' dir='ltr'>tribunatum:</span> <span class='ocrx_word' id='word_1_70' title='bbox 1363 698 1532 739; x_wconf 77' lang='lat' dir='ltr'>Laelios</span> <span class='ocrx_word' id='word_1_71' title='bbox 1567 702 1609 739; x_wconf 87' lang='lat' dir='ltr'>et</span> <span class='ocrx_word' id='word_1_72' title='bbox 1640 697 1856 739; x_wconf 83' lang='lat' dir='ltr'>Antonios</span> 
     </span>
     <span class='ocr_line' id='line_1_9' title="bbox 156 767 1855 823; baseline 0 -14"><span class='ocrx_word' id='word_1_73' title='bbox 156 771 199 809; x_wconf 86' lang='lat' dir='ltr'>et</span> <span class='ocrx_word' id='word_1_74' title='bbox 237 768 279 809; x_wconf 92' lang='lat' dir='ltr'>id</span> <span class='ocrx_word' id='word_1_75' title='bbox 318 782 453 823; x_wconf 85' lang='lat' dir='ltr'>genus</span> <span class='ocrx_word' id='word_1_76' title='bbox 496 767 678 808; x_wconf 83' lang='lat' dir='ltr'>valentis</span> <span class='ocrx_word' id='word_1_77' title='bbox 720 767 826 807; x_wconf 79' lang='lat' dir='ltr'>dieo.</span> <span class='ocrx_word' id='word_1_78' title='bbox 889 767 967 813; x_wconf 82' lang='lat' dir='ltr'>has</span> <span class='ocrx_word' id='word_1_79' title='bbox 1012 781 1092 822; x_wconf 80' lang='lat' dir='ltr'>ego</span> <span class='ocrx_word' id='word_1_80' title='bbox 1134 768 1215 808; x_wconf 86' lang='lat' dir='ltr'>tibi</span> <span class='ocrx_word' id='word_1_81' title='bbox 1258 769 1424 809; x_wconf 84' lang='lat' dir='ltr'>litteras</span> <span class='ocrx_word' id='word_1_82' title='bbox 1468 783 1517 809; x_wconf 92' lang='lat' dir='ltr'>eo</span> <span class='ocrx_word' id='word_1_83' title='bbox 1559 768 1719 810; x_wconf 89' lang='lat' dir='ltr'>maiore</span> <span class='ocrx_word' id='word_1_84' title='bbox 1758 769 1855 809; x_wconf 89' lang='lat' dir='ltr'>misi</span> 
     </span>
     <span class='ocr_line' id='line_1_10' title="bbox 155 837 1858 892; baseline 0 -13"><span class='ocrx_word' id='word_1_85' title='bbox 155 837 405 891; x_wconf 87' lang='lat' dir='ltr'>intervallo,</span> <span class='ocrx_word' id='word_1_86' title='bbox 444 838 557 892; x_wconf 87' lang='lat' dir='ltr'>quod</span> <span class='ocrx_word' id='word_1_87' title='bbox 596 837 871 879; x_wconf 84' lang='lat' dir='ltr'>comitiorum</span> <span class='ocrx_word' id='word_1_88' title='bbox 911 837 1139 879; x_wconf 82' lang='lat' dir='ltr'>dilationes</span> <span class='ocrx_word' id='word_1_89' title='bbox 1181 839 1500 892; x_wconf 83' lang='lat' dir='ltr'>occupatiorem</span> <span class='ocrx_word' id='word_1_90' title='bbox 1541 854 1605 879; x_wconf 91' lang='lat' dir='ltr'>me</span> <span class='ocrx_word' id='word_1_91' title='bbox 1637 839 1858 880; x_wconf 84' lang='lat' dir='ltr'>habebant</span> 
     </span>
     <span class='ocr_line' id='line_1_11' title="bbox 105 907 1854 964; baseline 0.001 -15"><span class='ocrx_word' id='word_1_92' title='bbox 105 925 140 949; x_wconf 87' lang='grc' dir='ltr'>ιο</span> <span class='ocrx_word' id='word_1_93' title='bbox 159 912 203 950; x_wconf 91' lang='lat' dir='ltr'>et</span> <span class='ocrx_word' id='word_1_94' title='bbox 247 912 470 964; x_wconf 83' lang='lat' dir='ltr'>expectare</span> <span class='ocrx_word' id='word_1_95' title='bbox 515 909 559 950; x_wconf 89' lang='lat' dir='ltr'>in</span> <span class='ocrx_word' id='word_1_96' title='bbox 604 908 693 949; x_wconf 88' lang='lat' dir='ltr'>dies</span> <span class='ocrx_word' id='word_1_97' title='bbox 738 907 902 948; x_wconf 87' lang='lat' dir='ltr'>exitum</span> <span class='ocrx_word' id='word_1_98' title='bbox 947 909 1178 963; x_wconf 82' lang='lat' dir='ltr'>cogebant,</span> <span class='ocrx_word' id='word_1_99' title='bbox 1222 912 1271 949; x_wconf 91' lang='lat' dir='ltr'>ut</span> <span class='ocrx_word' id='word_1_100' title='bbox 1316 910 1522 950; x_wconf 88' lang='lat' dir='ltr'>confectis</span> <span class='ocrx_word' id='word_1_101' title='bbox 1569 911 1768 951; x_wconf 88' lang='lat' dir='ltr'>omnibus</span> <span class='ocrx_word' id='word_1_102' title='bbox 1814 914 1854 951; x_wconf 93' lang='lat' dir='ltr'>te</span> 
     </span>
     <span class='ocr_line' id='line_1_12' title="bbox 155 976 1856 1034; baseline 0.001 -13"><span class='ocrx_word' id='word_1_103' title='bbox 155 979 341 1021; x_wconf 89' lang='lat' dir='ltr'>facerem</span> <span class='ocrx_word' id='word_1_104' title='bbox 373 979 616 1020; x_wconf 88' lang='lat' dir='ltr'>certiorem.</span> <span class='ocrx_word' id='word_1_105' title='bbox 673 978 722 1019; x_wconf 89' lang='lat' dir='ltr'>ad</span> <span class='ocrx_word' id='word_1_106' title='bbox 752 977 803 1020; x_wconf 88' lang='lat' dir='ltr'>K.</span> <span class='ocrx_word' id='word_1_107' title='bbox 831 976 947 1019; x_wconf 82' lang='lat' dir='ltr'>Sext.</span> <span class='ocrx_word' id='word_1_108' title='bbox 980 993 1115 1033; x_wconf 88' lang='lat' dir='ltr'>usque</span> <span class='ocrx_word' id='word_1_109' title='bbox 1143 979 1400 1034; x_wconf 86' lang='lat' dir='ltr'>exspectavi.</span> <span class='ocrx_word' id='word_1_110' title='bbox 1457 981 1685 1034; x_wconf 81' lang='lat' dir='ltr'>praetoriis</span> <span class='ocrx_word' id='word_1_111' title='bbox 1712 996 1856 1022; x_wconf 88' lang='lat' dir='ltr'>morae</span> 
     </span>
     <span class='ocr_line' id='line_1_13' title="bbox 154 1049 1855 1104; baseline 0.002 -13"><span class='ocrx_word' id='word_1_112' title='bbox 154 1050 364 1104; x_wconf 85' lang='lat' dir='ltr'>quaedam</span> <span class='ocrx_word' id='word_1_113' title='bbox 402 1049 656 1091; x_wconf 87' lang='lat' dir='ltr'>inciderunt.</span> <span class='ocrx_word' id='word_1_114' title='bbox 719 1063 813 1090; x_wconf 90' lang='lat' dir='ltr'>mea</span> <span class='ocrx_word' id='word_1_115' title='bbox 844 1063 973 1103; x_wconf 88' lang='lat' dir='ltr'>porro</span> <span class='ocrx_word' id='word_1_116' title='bbox 1007 1049 1182 1090; x_wconf 81' lang='lat' dir='ltr'>comitia</span> <span class='ocrx_word' id='word_1_117' title='bbox 1222 1064 1348 1103; x_wconf 89' lang='lat' dir='ltr'>quem</span> <span class='ocrx_word' id='word_1_118' title='bbox 1388 1054 1586 1092; x_wconf 84' lang='lat' dir='ltr'>eventum</span> <span class='ocrx_word' id='word_1_119' title='bbox 1620 1052 1708 1093; x_wconf 88' lang='lat' dir='ltr'>sint</span> <span class='ocrx_word' id='word_1_120' title='bbox 1739 1053 1855 1093; x_wconf 63' lang='lat' dir='ltr'>habi&gt;</span> 
     </span>
     <span class='ocr_line' id='line_1_14' title="bbox 153 1113 1857 1177; baseline 0.002 -15"><span class='ocrx_word' id='word_1_121' title='bbox 153 1123 268 1176; x_wconf 88' lang='lat' dir='ltr'>tura,</span> <span class='ocrx_word' id='word_1_122' title='bbox 313 1120 477 1175; x_wconf 68' lang='lat' dir='ltr'>nescio,</span> <span class='ocrx_word' id='word_1_123' title='bbox 521 1120 768 1174; x_wconf 87' lang='lat' dir='ltr'>opinionem</span> <span class='ocrx_word' id='word_1_124' title='bbox 808 1113 998 1174; x_wconf 84' lang='lat' dir='ltr'>quidem,</span> <span class='ocrx_word' id='word_1_125' title='bbox 1043 1121 1156 1174; x_wconf 87' lang='lat' dir='ltr'>quod</span> <span class='ocrx_word' id='word_1_126' title='bbox 1196 1121 1248 1161; x_wconf 86' lang='lat' dir='ltr'>ad</span> <span class='ocrx_word' id='word_1_127' title='bbox 1286 1121 1464 1162; x_wconf 85' lang='lat' dir='ltr'>Hirrum</span> <span class='ocrx_word' id='word_1_128' title='bbox 1506 1123 1680 1177; x_wconf 84' lang='lat' dir='ltr'>attinet,</span> <span class='ocrx_word' id='word_1_129' title='bbox 1724 1124 1857 1165; x_wconf 86' lang='lat' dir='ltr'>incre-</span> 
     </span>
     <span class='ocr_line' id='line_1_15' title="bbox 155 1190 1856 1246; baseline 0.002 -13"><span class='ocrx_word' id='word_1_130' title='bbox 155 1191 333 1233; x_wconf 88' lang='lat' dir='ltr'>dibilem</span> <span class='ocrx_word' id='word_1_131' title='bbox 371 1191 461 1233; x_wconf 89' lang='lat' dir='ltr'>aed.</span> <span class='ocrx_word' id='word_1_132' title='bbox 499 1191 552 1246; x_wconf 89' lang='lat' dir='ltr'>pl.</span> <span class='ocrx_word' id='word_1_133' title='bbox 587 1190 775 1232; x_wconf 90' lang='lat' dir='ltr'>comitiis</span> <span class='ocrx_word' id='word_1_134' title='bbox 813 1194 941 1232; x_wconf 86' lang='lat' dir='ltr'>nacta</span> <span class='ocrx_word' id='word_1_135' title='bbox 974 1194 1092 1233; x_wconf 90' lang='lat' dir='ltr'>sunt:</span> <span class='ocrx_word' id='word_1_136' title='bbox 1133 1206 1234 1232; x_wconf 90' lang='lat' dir='ltr'>nam</span> <span class='ocrx_word' id='word_1_137' title='bbox 1265 1190 1322 1232; x_wconf 91' lang='lat' dir='ltr'>M.</span> <span class='ocrx_word' id='word_1_138' title='bbox 1356 1190 1549 1232; x_wconf 87' lang='lat' dir='ltr'>Coelium</span> <span class='ocrx_word' id='word_1_139' title='bbox 1582 1192 1856 1235; x_wconf 87' lang='lat' dir='ltr'>Vinicianum</span> 
     </span>
     <span class='ocr_line' id='line_1_16' title="bbox 103 1261 1858 1318; baseline 0.001 -14"><span class='ocrx_word' id='word_1_140' title='bbox 103 1279 136 1304; x_wconf 84' lang='lat'>15</span> <span class='ocrx_word' id='word_1_141' title='bbox 156 1262 318 1304; x_wconf 89' lang='lat' dir='ltr'>mentio</span> <span class='ocrx_word' id='word_1_142' title='bbox 351 1261 426 1304; x_wconf 88' lang='lat' dir='ltr'>illa</span> <span class='ocrx_word' id='word_1_143' title='bbox 458 1262 589 1316; x_wconf 88' lang='lat' dir='ltr'>fatua,</span> <span class='ocrx_word' id='word_1_144' title='bbox 623 1276 750 1316; x_wconf 88' lang='lat' dir='ltr'>quam</span> <span class='ocrx_word' id='word_1_145' title='bbox 779 1261 1064 1303; x_wconf 85' lang='lat' dir='ltr'>deriseramus</span> <span class='ocrx_word' id='word_1_146' title='bbox 1098 1263 1214 1316; x_wconf 85' lang='lat' dir='ltr'>olim,</span> <span class='ocrx_word' id='word_1_147' title='bbox 1246 1265 1289 1304; x_wconf 89' lang='lat' dir='ltr'>et</span> <span class='ocrx_word' id='word_1_148' title='bbox 1320 1263 1612 1318; x_wconf 79' lang='lat' dir='ltr'>promulgatio</span> <span class='ocrx_word' id='word_1_149' title='bbox 1646 1264 1695 1305; x_wconf 89' lang='lat' dir='ltr'>de</span> <span class='ocrx_word' id='word_1_150' title='bbox 1728 1264 1858 1306; x_wconf 86' lang='lat' dir='ltr'>dieta-</span> 
     </span>
     <span class='ocr_line' id='line_1_17' title="bbox 153 1332 1856 1390; baseline 0.001 -15"><span class='ocrx_word' id='word_1_151' title='bbox 153 1335 247 1375; x_wconf 88' lang='lat' dir='ltr'>tore</span> <span class='ocrx_word' id='word_1_152' title='bbox 280 1332 425 1374; x_wconf 88' lang='lat' dir='ltr'>subito</span> <span class='ocrx_word' id='word_1_153' title='bbox 458 1332 613 1374; x_wconf 90' lang='lat' dir='ltr'>deiecit</span> <span class='ocrx_word' id='word_1_154' title='bbox 651 1334 694 1373; x_wconf 90' lang='lat' dir='ltr'>et</span> <span class='ocrx_word' id='word_1_155' title='bbox 731 1332 944 1374; x_wconf 90' lang='lat' dir='ltr'>deiectum</span> <span class='ocrx_word' id='word_1_156' title='bbox 983 1347 1140 1388; x_wconf 80' lang='lat' dir='ltr'>magno</span> <span class='ocrx_word' id='word_1_157' title='bbox 1180 1333 1365 1374; x_wconf 87' lang='lat' dir='ltr'>clamore</span> <span class='ocrx_word' id='word_1_158' title='bbox 1404 1334 1598 1375; x_wconf 83' lang='lat' dir='ltr'>insecuta</span> <span class='ocrx_word' id='word_1_159' title='bbox 1636 1337 1719 1390; x_wconf 67' lang='lat' dir='ltr'>est,</span> <span class='ocrx_word' id='word_1_160' title='bbox 1760 1335 1856 1376; x_wconf 89' lang='lat' dir='ltr'>inde</span> 
     </span>
     <span class='ocr_line' id='line_1_18' title="bbox 154 1403 1856 1459; baseline 0.001 -13"><span class='ocrx_word' id='word_1_161' title='bbox 154 1403 334 1446; x_wconf 89' lang='lat' dir='ltr'>Hirrum</span> <span class='ocrx_word' id='word_1_162' title='bbox 366 1404 511 1446; x_wconf 87' lang='lat' dir='ltr'>cuncti</span> <span class='ocrx_word' id='word_1_163' title='bbox 542 1404 628 1445; x_wconf 88' lang='lat' dir='ltr'>iam</span> <span class='ocrx_word' id='word_1_164' title='bbox 660 1418 747 1445; x_wconf 92' lang='lat' dir='ltr'>non</span> <span class='ocrx_word' id='word_1_165' title='bbox 787 1404 1029 1445; x_wconf 86' lang='lat' dir='ltr'>faciendum</span> <span class='ocrx_word' id='word_1_166' title='bbox 1067 1404 1275 1459; x_wconf 86' lang='lat' dir='ltr'>flagitare.</span> <span class='ocrx_word' id='word_1_167' title='bbox 1339 1419 1463 1458; x_wconf 88' lang='lat' dir='ltr'>spero</span> <span class='ocrx_word' id='word_1_168' title='bbox 1503 1407 1545 1446; x_wconf 90' lang='lat' dir='ltr'>te</span> <span class='ocrx_word' id='word_1_169' title='bbox 1584 1405 1781 1447; x_wconf 86' lang='lat' dir='ltr'>celeriter</span> <span class='ocrx_word' id='word_1_170' title='bbox 1813 1410 1856 1448; x_wconf 88' lang='lat' dir='ltr'>et</span> 
     </span>
     <span class='ocr_line' id='line_1_19' title="bbox 154 1475 1855 1531; baseline 0 -13"><span class='ocrx_word' id='word_1_171' title='bbox 154 1475 205 1518; x_wconf 93' lang='lat' dir='ltr'>de</span> <span class='ocrx_word' id='word_1_172' title='bbox 242 1475 387 1531; x_wconf 87' lang='lat' dir='ltr'>nobis,</span> <span class='ocrx_word' id='word_1_173' title='bbox 432 1475 545 1530; x_wconf 88' lang='lat' dir='ltr'>quod</span> <span class='ocrx_word' id='word_1_174' title='bbox 590 1475 795 1530; x_wconf 85' lang='lat' dir='ltr'>sperasti,</span> <span class='ocrx_word' id='word_1_175' title='bbox 838 1477 880 1516; x_wconf 89' lang='lat' dir='ltr'>et</span> <span class='ocrx_word' id='word_1_176' title='bbox 918 1475 968 1516; x_wconf 91' lang='lat' dir='ltr'>de</span> <span class='ocrx_word' id='word_1_177' title='bbox 1007 1475 1101 1529; x_wconf 90' lang='lat' dir='ltr'>illo,</span> <span class='ocrx_word' id='word_1_178' title='bbox 1147 1475 1260 1529; x_wconf 91' lang='lat' dir='ltr'>quod</span> <span class='ocrx_word' id='word_1_179' title='bbox 1299 1475 1369 1516; x_wconf 85' lang='lat' dir='ltr'>vix</span> <span class='ocrx_word' id='word_1_180' title='bbox 1415 1489 1586 1529; x_wconf 82' lang='lat' dir='ltr'>sperare</span> <span class='ocrx_word' id='word_1_181' title='bbox 1631 1491 1760 1518; x_wconf 88' lang='lat' dir='ltr'>ausus</span> <span class='ocrx_word' id='word_1_182' title='bbox 1799 1492 1855 1531; x_wconf 80' lang='lat' dir='ltr'>eS,</span> 
     </span>
     <span class='ocr_line' id='line_1_20' title="bbox 155 1545 1854 1603; baseline 0.001 -15"><span class='ocrx_word' id='word_1_183' title='bbox 155 1546 413 1589; x_wconf 89' lang='lat' dir='ltr'>auditurum.</span> <span class='ocrx_word' id='word_1_184' title='bbox 477 1546 526 1588; x_wconf 90' lang='lat' dir='ltr'>de</span> <span class='ocrx_word' id='word_1_185' title='bbox 568 1561 613 1588; x_wconf 86' lang='lat' dir='ltr'>re</span> <span class='ocrx_word' id='word_1_186' title='bbox 651 1562 691 1600; x_wconf 93' lang='lat' dir='ltr'>p.</span> <span class='ocrx_word' id='word_1_187' title='bbox 729 1546 816 1587; x_wconf 89' lang='lat' dir='ltr'>iam</span> <span class='ocrx_word' id='word_1_188' title='bbox 859 1545 959 1587; x_wconf 91' lang='lat' dir='ltr'>novi</span> <span class='ocrx_word' id='word_1_189' title='bbox 1006 1546 1239 1600; x_wconf 86' lang='lat' dir='ltr'>quicquam</span> <span class='ocrx_word' id='word_1_190' title='bbox 1282 1550 1530 1600; x_wconf 83' lang='lat' dir='ltr'>exspectare</span> <span class='ocrx_word' id='word_1_191' title='bbox 1576 1547 1854 1603; x_wconf 77' lang='lat' dir='ltr'>desieramus3</span> 
     </span>
     <span class='ocr_line' id='line_1_21' title="bbox 101 1616 1855 1672; baseline 0.001 -13"><span class='ocrx_word' id='word_1_192' title='bbox 101 1618 249 1672; x_wconf 78' lang='lat' dir='ltr'>20sed,</span> <span class='ocrx_word' id='word_1_193' title='bbox 295 1633 392 1659; x_wconf 92' lang='lat' dir='ltr'>cum</span> <span class='ocrx_word' id='word_1_194' title='bbox 437 1620 610 1659; x_wconf 86' lang='lat' dir='ltr'>senatus</span> <span class='ocrx_word' id='word_1_195' title='bbox 654 1617 829 1658; x_wconf 90' lang='lat' dir='ltr'>habitus</span> <span class='ocrx_word' id='word_1_196' title='bbox 875 1620 990 1659; x_wconf 89' lang='lat' dir='ltr'>esset</span> <span class='ocrx_word' id='word_1_197' title='bbox 1035 1617 1087 1658; x_wconf 85' lang='lat' dir='ltr'>ad</span> <span class='ocrx_word' id='word_1_198' title='bbox 1124 1616 1342 1672; x_wconf 88' lang='lat' dir='ltr'>Apollinis</span> <span class='ocrx_word' id='word_1_199' title='bbox 1382 1632 1419 1658; x_wconf 90' lang='lat' dir='ltr'>a.</span> <span class='ocrx_word' id='word_1_200' title='bbox 1452 1618 1488 1658; x_wconf 91' lang='lat' dir='ltr'>d.</span> <span class='ocrx_word' id='word_1_201' title='bbox 1522 1630 1567 1658; x_wconf 74' lang='lat' dir='ltr'>XI</span> <span class='ocrx_word' id='word_1_202' title='bbox 1600 1617 1650 1658; x_wconf 84' lang='lat' dir='ltr'>K.</span> <span class='ocrx_word' id='word_1_203' title='bbox 1686 1617 1779 1660; x_wconf 80' lang='lat' dir='ltr'>Sex.</span> <span class='ocrx_word' id='word_1_204' title='bbox 1812 1622 1855 1660; x_wconf 89' lang='lat' dir='ltr'>et</span> 
     </span>
     <span class='ocr_line' id='line_1_22' title="bbox 154 1687 1855 1744; baseline 0.001 -14"><span class='ocrx_word' id='word_1_205' title='bbox 154 1688 386 1730; x_wconf 86' lang='lat' dir='ltr'>referretur</span> <span class='ocrx_word' id='word_1_206' title='bbox 417 1689 468 1730; x_wconf 90' lang='lat' dir='ltr'>de</span> <span class='ocrx_word' id='word_1_207' title='bbox 501 1688 716 1743; x_wconf 89' lang='lat' dir='ltr'>stipendio</span> <span class='ocrx_word' id='word_1_208' title='bbox 747 1687 821 1729; x_wconf 86' lang='lat' dir='ltr'>Cn.</span> <span class='ocrx_word' id='word_1_209' title='bbox 847 1687 1040 1743; x_wconf 81' lang='lat' dir='ltr'>Pompei,</span> <span class='ocrx_word' id='word_1_210' title='bbox 1070 1688 1233 1729; x_wconf 88' lang='lat' dir='ltr'>mentio</span> <span class='ocrx_word' id='word_1_211' title='bbox 1265 1688 1382 1730; x_wconf 84' lang='lat' dir='ltr'>sacta</span> <span class='ocrx_word' id='word_1_212' title='bbox 1414 1691 1480 1730; x_wconf 87' lang='lat' dir='ltr'>est</span> <span class='ocrx_word' id='word_1_213' title='bbox 1511 1689 1561 1730; x_wconf 88' lang='lat' dir='ltr'>de</span> <span class='ocrx_word' id='word_1_214' title='bbox 1593 1689 1762 1744; x_wconf 79' lang='lat' dir='ltr'>legione</span> <span class='ocrx_word' id='word_1_215' title='bbox 1795 1704 1855 1743; x_wconf 90' lang='lat' dir='ltr'>ea,</span> 
     </span>
     <span class='ocr_line' id='line_1_23' title="bbox 154 1758 1854 1815; baseline 0 -14"><span class='ocrx_word' id='word_1_216' title='bbox 154 1774 283 1815; x_wconf 89' lang='lat' dir='ltr'>quam</span> <span class='ocrx_word' id='word_1_217' title='bbox 309 1774 540 1815; x_wconf 83' lang='lat' dir='ltr'>expensam</span> <span class='ocrx_word' id='word_1_218' title='bbox 572 1759 675 1800; x_wconf 90' lang='lat' dir='ltr'>tulit</span> <span class='ocrx_word' id='word_1_219' title='bbox 701 1758 746 1801; x_wconf 87' lang='lat' dir='ltr'>C.</span> <span class='ocrx_word' id='word_1_220' title='bbox 767 1758 941 1801; x_wconf 82' lang='lat' dir='ltr'>Caesari</span> <span class='ocrx_word' id='word_1_221' title='bbox 966 1758 1209 1814; x_wconf 89' lang='lat' dir='ltr'>Pompeius,</span> <span class='ocrx_word' id='word_1_222' title='bbox 1242 1774 1325 1815; x_wconf 90' lang='lat' dir='ltr'>quo</span> <span class='ocrx_word' id='word_1_223' title='bbox 1352 1774 1530 1800; x_wconf 88' lang='lat' dir='ltr'>numero</span> <span class='ocrx_word' id='word_1_224' title='bbox 1558 1762 1682 1814; x_wconf 90' lang='lat' dir='ltr'>esset,</span> <span class='ocrx_word' id='word_1_225' title='bbox 1716 1761 1854 1814; x_wconf 87' lang='lat' dir='ltr'>quoad</span> 
     </span>
     <span class='ocr_line' id='line_1_24' title="bbox 152 1829 1856 1886; baseline 0 -14"><span class='ocrx_word' id='word_1_226' title='bbox 152 1834 375 1886; x_wconf 88' lang='lat' dir='ltr'>pateretur</span> <span class='ocrx_word' id='word_1_227' title='bbox 413 1845 508 1872; x_wconf 90' lang='lat' dir='ltr'>eam</span> <span class='ocrx_word' id='word_1_228' title='bbox 539 1830 771 1885; x_wconf 89' lang='lat' dir='ltr'>Pompeius</span> <span class='ocrx_word' id='word_1_229' title='bbox 815 1845 907 1871; x_wconf 90' lang='lat' dir='ltr'>esse</span> <span class='ocrx_word' id='word_1_230' title='bbox 948 1830 993 1871; x_wconf 91' lang='lat' dir='ltr'>in</span> <span class='ocrx_word' id='word_1_231' title='bbox 1027 1829 1178 1872; x_wconf 84' lang='lat' dir='ltr'>Gallia.</span> <span class='ocrx_word' id='word_1_232' title='bbox 1237 1833 1411 1872; x_wconf 87' lang='lat' dir='ltr'>coactus</span> <span class='ocrx_word' id='word_1_233' title='bbox 1451 1834 1517 1872; x_wconf 89' lang='lat' dir='ltr'>est</span> <span class='ocrx_word' id='word_1_234' title='bbox 1555 1831 1693 1872; x_wconf 88' lang='lat' dir='ltr'>dicere</span> <span class='ocrx_word' id='word_1_235' title='bbox 1732 1830 1856 1872; x_wconf 91' lang='lat' dir='ltr'>Pom-</span> 
     </span>
     <span class='ocr_line' id='line_1_25' title="bbox 152 1901 1856 1958; baseline 0.001 -16"><span class='ocrx_word' id='word_1_236' title='bbox 152 1902 274 1956; x_wconf 89' lang='lat' dir='ltr'>peius</span> <span class='ocrx_word' id='word_1_237' title='bbox 308 1917 352 1943; x_wconf 89' lang='lat' dir='ltr'>se</span> <span class='ocrx_word' id='word_1_238' title='bbox 384 1901 600 1957; x_wconf 84' lang='lat' dir='ltr'>legionem</span> <span class='ocrx_word' id='word_1_239' title='bbox 638 1901 944 1958; x_wconf 83' lang='lat' dir='ltr'>abducturum,</span> <span class='ocrx_word' id='word_1_240' title='bbox 985 1901 1056 1942; x_wconf 88' lang='lat' dir='ltr'>sed</span> <span class='ocrx_word' id='word_1_241' title='bbox 1095 1916 1183 1943; x_wconf 91' lang='lat' dir='ltr'>non</span> <span class='ocrx_word' id='word_1_242' title='bbox 1221 1902 1372 1943; x_wconf 89' lang='lat' dir='ltr'>statim</span> <span class='ocrx_word' id='word_1_243' title='bbox 1405 1902 1484 1943; x_wconf 88' lang='lat' dir='ltr'>sub</span> <span class='ocrx_word' id='word_1_244' title='bbox 1518 1901 1780 1943; x_wconf 87' lang='lat' dir='ltr'>mentionem</span> <span class='ocrx_word' id='word_1_245' title='bbox 1813 1905 1856 1943; x_wconf 89' lang='lat' dir='ltr'>et</span> 
     </span>
     <span class='ocr_line' id='line_1_26' title="bbox 101 1972 1856 2028; baseline 0 -14"><span class='ocrx_word' id='word_1_246' title='bbox 101 1988 134 2014; x_wconf 82' lang='lat'>25</span> <span class='ocrx_word' id='word_1_247' title='bbox 155 1973 396 2015; x_wconf 87' lang='lat' dir='ltr'>convicium</span> <span class='ocrx_word' id='word_1_248' title='bbox 436 1973 797 2027; x_wconf 67' lang='lat' dir='ltr'>obtrectatorum,</span> <span class='ocrx_word' id='word_1_249' title='bbox 834 1972 932 2014; x_wconf 89' lang='lat' dir='ltr'>inde</span> <span class='ocrx_word' id='word_1_250' title='bbox 971 1972 1266 2028; x_wconf 84' lang='lat' dir='ltr'>interrogatus</span> <span class='ocrx_word' id='word_1_251' title='bbox 1299 1973 1350 2014; x_wconf 89' lang='lat' dir='ltr'>de</span> <span class='ocrx_word' id='word_1_252' title='bbox 1383 1973 1650 2015; x_wconf 84' lang='lat' dir='ltr'>successione</span> <span class='ocrx_word' id='word_1_253' title='bbox 1684 1973 1727 2015; x_wconf 79' lang='lat' dir='ltr'>C.</span> <span class='ocrx_word' id='word_1_254' title='bbox 1755 1973 1856 2015; x_wconf 86' lang='lat' dir='ltr'>Cae-</span> 
     </span>
     <span class='ocr_line' id='line_1_27' title="bbox 154 2043 1856 2098; baseline -0.001 -13"><span class='ocrx_word' id='word_1_255' title='bbox 154 2044 276 2098; x_wconf 85' lang='lat' dir='ltr'>saris,</span> <span class='ocrx_word' id='word_1_256' title='bbox 307 2043 358 2085; x_wconf 90' lang='lat' dir='ltr'>de</span> <span class='ocrx_word' id='word_1_257' title='bbox 386 2057 481 2098; x_wconf 90' lang='lat' dir='ltr'>qua,</span> <span class='ocrx_word' id='word_1_258' title='bbox 512 2043 595 2085; x_wconf 76' lang='lat' dir='ltr'>hoc</span> <span class='ocrx_word' id='word_1_259' title='bbox 627 2046 693 2085; x_wconf 89' lang='lat' dir='ltr'>est</span> <span class='ocrx_word' id='word_1_260' title='bbox 724 2044 775 2085; x_wconf 91' lang='lat' dir='ltr'>de</span> <span class='ocrx_word' id='word_1_261' title='bbox 807 2043 1054 2098; x_wconf 85' lang='lat' dir='ltr'>provinciis,</span> <span class='ocrx_word' id='word_1_262' title='bbox 1085 2043 1295 2098; x_wconf 78' lang='lat' dir='ltr'>placitum</span> <span class='ocrx_word' id='word_1_263' title='bbox 1323 2047 1401 2097; x_wconf 88' lang='lat' dir='ltr'>est,</span> <span class='ocrx_word' id='word_1_264' title='bbox 1433 2046 1482 2085; x_wconf 89' lang='lat' dir='ltr'>ut</span> <span class='ocrx_word' id='word_1_265' title='bbox 1515 2058 1643 2098; x_wconf 87' lang='lat' dir='ltr'>quam</span> <span class='ocrx_word' id='word_1_266' title='bbox 1670 2044 1856 2098; x_wconf 88' lang='lat' dir='ltr'>primum</span> 
     </span>
     <span class='ocr_line' id='line_1_28' title="bbox 154 2114 1855 2168; baseline 0 -12"><span class='ocrx_word' id='word_1_267' title='bbox 154 2115 207 2156; x_wconf 87' lang='lat' dir='ltr'>ad</span> <span class='ocrx_word' id='word_1_268' title='bbox 237 2114 389 2156; x_wconf 85' lang='lat' dir='ltr'>urbem</span> <span class='ocrx_word' id='word_1_269' title='bbox 427 2117 713 2156; x_wconf 86' lang='lat' dir='ltr'>reverteretur</span> <span class='ocrx_word' id='word_1_270' title='bbox 745 2114 819 2157; x_wconf 81' lang='lat' dir='ltr'>Cn.</span> <span class='ocrx_word' id='word_1_271' title='bbox 847 2114 1099 2168; x_wconf 88' lang='lat' dir='ltr'>Pompeius,</span> <span class='ocrx_word' id='word_1_272' title='bbox 1137 2117 1186 2155; x_wconf 91' lang='lat' dir='ltr'>ut</span> <span class='ocrx_word' id='word_1_273' title='bbox 1225 2129 1370 2156; x_wconf 85' lang='lat' dir='ltr'>eoram</span> <span class='ocrx_word' id='word_1_274' title='bbox 1409 2129 1458 2156; x_wconf 91' lang='lat' dir='ltr'>eo</span> <span class='ocrx_word' id='word_1_275' title='bbox 1497 2114 1548 2155; x_wconf 90' lang='lat' dir='ltr'>de</span> <span class='ocrx_word' id='word_1_276' title='bbox 1587 2115 1855 2156; x_wconf 81' lang='lat' dir='ltr'>successione</span> 
     </span>
     <span class='ocr_line' id='line_1_29' title="bbox 152 2185 1857 2241; baseline 0 -14"><span class='ocrx_word' id='word_1_277' title='bbox 152 2185 473 2241; x_wconf 86' lang='lat' dir='ltr'>provinciarum</span> <span class='ocrx_word' id='word_1_278' title='bbox 499 2188 717 2240; x_wconf 82' lang='lat' dir='ltr'>ageretur3</span> <span class='ocrx_word' id='word_1_279' title='bbox 749 2200 850 2227; x_wconf 91' lang='lat' dir='ltr'>nam</span> <span class='ocrx_word' id='word_1_280' title='bbox 877 2186 1120 2226; x_wconf 87' lang='lat' dir='ltr'>Ariminum</span> <span class='ocrx_word' id='word_1_281' title='bbox 1153 2186 1206 2226; x_wconf 89' lang='lat' dir='ltr'>ad</span> <span class='ocrx_word' id='word_1_282' title='bbox 1238 2185 1474 2227; x_wconf 83' lang='lat' dir='ltr'>exercitum</span> <span class='ocrx_word' id='word_1_283' title='bbox 1501 2185 1733 2240; x_wconf 89' lang='lat' dir='ltr'>Pompeius</span> <span class='ocrx_word' id='word_1_284' title='bbox 1764 2190 1857 2226; x_wconf 86' lang='lat' dir='ltr'>erat</span> 
     </span>
     <span class='ocr_line' id='line_1_30' title="bbox 154 2255 1858 2316; baseline -0.001 -18"><span class='ocrx_word' id='word_1_285' title='bbox 154 2257 312 2311; x_wconf 86' lang='lat' dir='ltr'>iturus,</span> <span class='ocrx_word' id='word_1_286' title='bbox 350 2259 394 2298; x_wconf 89' lang='lat' dir='ltr'>et</span> <span class='ocrx_word' id='word_1_287' title='bbox 432 2257 582 2316; x_wconf 83' lang='lat' dir='ltr'>statim</span> <span class='ocrx_word' id='word_1_288' title='bbox 620 2257 683 2297; x_wconf 92' lang='lat' dir='ltr'>iit.</span> <span class='ocrx_word' id='word_1_289' title='bbox 745 2259 851 2310; x_wconf 87' lang='lat' dir='ltr'>puto</span> <span class='ocrx_word' id='word_1_290' title='bbox 884 2255 1032 2297; x_wconf 90' lang='lat' dir='ltr'>Idibus</span> <span class='ocrx_word' id='word_1_291' title='bbox 1067 2255 1159 2298; x_wconf 81' lang='lat' dir='ltr'>Sex.</span> <span class='ocrx_word' id='word_1_292' title='bbox 1194 2257 1244 2297; x_wconf 89' lang='lat' dir='ltr'>de</span> <span class='ocrx_word' id='word_1_293' title='bbox 1283 2271 1332 2298; x_wconf 89' lang='lat' dir='ltr'>ea</span> <span class='ocrx_word' id='word_1_294' title='bbox 1369 2271 1413 2297; x_wconf 90' lang='lat' dir='ltr'>re</span> <span class='ocrx_word' id='word_1_295' title='bbox 1452 2259 1598 2298; x_wconf 87' lang='lat' dir='ltr'>actum</span> <span class='ocrx_word' id='word_1_296' title='bbox 1637 2256 1701 2297; x_wconf 92' lang='lat' dir='ltr'>iri.</span> <span class='ocrx_word' id='word_1_297' title='bbox 1763 2271 1858 2310; x_wconf 89' lang='lat' dir='ltr'>pro-</span> 
     </span>
    </p>
   </div>
   <div class='ocr_carea' id='block_1_3' title="bbox 154 2371 1857 2559">
    <p class='ocr_par' dir='ltr' id='par_1_3' title="bbox 154 2371 1856 2559">
     <span class='ocr_line' id='line_1_31' title="bbox 273 2371 1855 2417; baseline -0.001 -11"><span class='ocrx_word' id='word_1_298' title='bbox 273 2377 303 2407; x_wconf 92' lang='lat'>1.</span> <span class='ocrx_word' id='word_1_299' title='bbox 331 2372 517 2417; x_wconf 86' lang='lat' dir='ltr'>scaturrit,</span> <span class='ocrx_word' id='word_1_300' title='bbox 544 2385 562 2406; x_wconf 93' lang='lat' dir='ltr'>r</span> <span class='ocrx_word' id='word_1_301' title='bbox 587 2372 872 2417; x_wconf 67' lang='lat' dir='ltr'>exp.211.l,M</span> <span class='ocrx_word' id='word_1_302' title='bbox 893 2373 903 2415; x_wconf 95' lang='grc'>11</span> <span class='ocrx_word' id='word_1_303' title='bbox 929 2383 1042 2406; x_wconf 86' lang='lat' dir='ltr'>causa</span> <span class='ocrx_word' id='word_1_304' title='bbox 1068 2384 1111 2407; x_wconf 73' lang='lat' dir='ltr'>ec</span> <span class='ocrx_word' id='word_1_305' title='bbox 1137 2382 1289 2406; x_wconf 86' lang='lat' dir='ltr'>causam</span> <span class='ocrx_word' id='word_1_306' title='bbox 1314 2373 1374 2406; x_wconf 86' lang='lat' dir='ltr'>M¹</span> <span class='ocrx_word' id='word_1_307' title='bbox 1407 2374 1418 2417; x_wconf 92' lang='grc'>11</span> <span class='ocrx_word' id='word_1_308' title='bbox 1450 2376 1482 2407; x_wconf 96' lang='grc'>2.</span> <span class='ocrx_word' id='word_1_309' title='bbox 1509 2376 1540 2407; x_wconf 88' lang='lat'>3.</span> <span class='ocrx_word' id='word_1_310' title='bbox 1568 2371 1795 2406; x_wconf 86' lang='lat' dir='ltr'>infirmorum</span> <span class='ocrx_word' id='word_1_311' title='bbox 1821 2371 1855 2406; x_wconf 91' lang='lat' dir='ltr'>h.</span> 
     </span>
     <span class='ocr_line' id='line_1_32' title="bbox 154 2418 1827 2465; baseline -0.001 -11"><span class='ocrx_word' id='word_1_312' title='bbox 154 2419 324 2455; x_wconf 87' lang='lat' dir='ltr'>amicitia</span> <span class='ocrx_word' id='word_1_313' title='bbox 350 2421 422 2456; x_wconf 87' lang='lat' dir='ltr'>GR</span> <span class='ocrx_word' id='word_1_314' title='bbox 450 2422 462 2465; x_wconf 96' lang='grc'>11</span> <span class='ocrx_word' id='word_1_315' title='bbox 491 2424 521 2455; x_wconf 97' lang='lat'>3</span> <span class='ocrx_word' id='word_1_316' title='bbox 551 2430 626 2464; x_wconf 88' lang='lat' dir='ltr'>qua</span> <span class='ocrx_word' id='word_1_317' title='bbox 650 2431 694 2454; x_wconf 56' lang='grc' dir='ltr'>επ</span> <span class='ocrx_word' id='word_1_318' title='bbox 720 2430 833 2463; x_wconf 87' lang='lat' dir='ltr'>quam</span> <span class='ocrx_word' id='word_1_319' title='bbox 859 2420 924 2453; x_wconf 83' lang='grc' dir='ltr'>Μ’</span> <span class='ocrx_word' id='word_1_320' title='bbox 952 2421 964 2463; x_wconf 95' lang='grc'>11</span> <span class='ocrx_word' id='word_1_321' title='bbox 993 2423 1023 2453; x_wconf 95' lang='lat'>4.</span> <span class='ocrx_word' id='word_1_322' title='bbox 1053 2419 1138 2453; x_wconf 90' lang='lat' dir='ltr'>illut</span> <span class='ocrx_word' id='word_1_323' title='bbox 1164 2420 1212 2453; x_wconf 87' lang='lat' dir='ltr'><em>M</em></span> <span class='ocrx_word' id='word_1_324' title='bbox 1231 2421 1243 2464; x_wconf 94' lang='grc'>11</span> <span class='ocrx_word' id='word_1_325' title='bbox 1269 2419 1446 2454; x_wconf 85' lang='lat' dir='ltr'>cecinisse</span> <span class='ocrx_word' id='word_1_326' title='bbox 1473 2421 1507 2453; x_wconf 80' lang='grc' dir='ltr'>Ω</span> <span class='ocrx_word' id='word_1_327' title='bbox 1532 2422 1544 2464; x_wconf 95' lang='grc'>11</span> <span class='ocrx_word' id='word_1_328' title='bbox 1570 2431 1592 2453; x_wconf 83' lang='lat' dir='ltr'>a</span> <span class='ocrx_word' id='word_1_329' title='bbox 1617 2431 1660 2454; x_wconf 72' lang='lat' dir='ltr'>ex</span> <span class='ocrx_word' id='word_1_330' title='bbox 1687 2418 1735 2453; x_wconf 90' lang='lat' dir='ltr'>ad</span> <span class='ocrx_word' id='word_1_331' title='bbox 1762 2420 1827 2453; x_wconf 67' lang='lat' dir='ltr'>Ille</span> 
     </span>
     <span class='ocr_line' id='line_1_33' title="bbox 155 2465 1856 2513; baseline -0.001 -12"><span class='ocrx_word' id='word_1_332' title='bbox 155 2471 185 2502; x_wconf 84' lang='lat'>5.</span> <span class='ocrx_word' id='word_1_333' title='bbox 213 2478 330 2512; x_wconf 89' lang='lat' dir='ltr'>usque</span> <span class='ocrx_word' id='word_1_334' title='bbox 362 2468 422 2513; x_wconf 85' lang='lat' dir='ltr'>eo]</span> <span class='ocrx_word' id='word_1_335' title='bbox 456 2470 502 2509; x_wconf 82' lang='lat' dir='ltr'>cf.</span> <span class='ocrx_word' id='word_1_336' title='bbox 529 2468 667 2502; x_wconf 73' lang='lat' dir='ltr'>Becher·</span> <span class='ocrx_word' id='word_1_337' title='bbox 696 2479 733 2511; x_wconf 70' lang='lat'>1).</span> <span class='ocrx_word' id='word_1_338' title='bbox 755 2470 774 2499; x_wconf 97' lang='grc'><strong>3</strong></span> <span class='ocrx_word' id='word_1_339' title='bbox 813 2468 824 2511; x_wconf 95' lang='grc'>11</span> <span class='ocrx_word' id='word_1_340' title='bbox 862 2465 1154 2501; x_wconf 84' lang='lat' dir='ltr'>aniniatuersum</span> <span class='ocrx_word' id='word_1_341' title='bbox 1181 2468 1227 2501; x_wconf 86' lang='lat' dir='ltr'><em>M</em></span> <span class='ocrx_word' id='word_1_342' title='bbox 1261 2470 1272 2510; x_wconf 94' lang='grc'>11</span> <span class='ocrx_word' id='word_1_343' title='bbox 1311 2473 1341 2502; x_wconf 99' lang='lat'>6</span> <span class='ocrx_word' id='word_1_344' title='bbox 1369 2466 1557 2501; x_wconf 84' lang='lat' dir='ltr'>euitandis</span> <span class='ocrx_word' id='word_1_345' title='bbox 1586 2468 1636 2510; x_wconf 88' lang='lat' dir='ltr'>G,</span> <span class='ocrx_word' id='word_1_346' title='bbox 1669 2465 1856 2500; x_wconf 86' lang='lat' dir='ltr'>euitandis</span> 
     </span>
     <span class='ocr_line' id='line_1_34' title="bbox 154 2512 1857 2559; baseline -0.001 -11"><span class='ocrx_word' id='word_1_347' title='bbox 154 2514 200 2549; x_wconf 88' lang='lat' dir='ltr'>iis</span> <span class='ocrx_word' id='word_1_348' title='bbox 233 2515 326 2550; x_wconf 89' lang='lat' dir='ltr'>MR.</span> <span class='ocrx_word' id='word_1_349' title='bbox 379 2519 425 2558; x_wconf 80' lang='lat' dir='ltr'>cf.</span> <span class='ocrx_word' id='word_1_350' title='bbox 461 2515 598 2549; x_wconf 80' lang='lat' dir='ltr'>Becher</span> <span class='ocrx_word' id='word_1_351' title='bbox 624 2526 662 2559; x_wconf 79' lang='lat' dir='ltr'>p</span> <span class='ocrx_word' id='word_1_352' title='bbox 685 2518 705 2546; x_wconf 97' lang='lat'>3</span> <span class='ocrx_word' id='word_1_353' title='bbox 731 2518 763 2549; x_wconf 82' lang='lat' dir='ltr'>et</span> <span class='ocrx_word' id='word_1_354' title='bbox 790 2514 904 2549; x_wconf 71' lang='lat' dir='ltr'>Hertz</span> <span class='ocrx_word' id='word_1_355' title='bbox 935 2515 983 2549; x_wconf 73' lang='lat' dir='ltr'>ad</span> <span class='ocrx_word' id='word_1_356' title='bbox 1011 2515 1102 2549; x_wconf 53' lang='lat' dir='ltr'>(fell.</span> <span class='ocrx_word' id='word_1_357' title='bbox 1130 2518 1152 2549; x_wconf 83' lang='lat' dir='ltr'>t.</span> <span class='ocrx_word' id='word_1_358' title='bbox 1180 2514 1205 2548; x_wconf 93' lang='lat' dir='ltr'>I.</span> <span class='ocrx_word' id='word_1_359' title='bbox 1236 2518 1336 2549; x_wconf 83' lang='lat'>1883.</span> <span class='ocrx_word' id='word_1_360' title='bbox 1365 2526 1403 2559; x_wconf 74' lang='lat' dir='ltr'>p.</span> <span class='ocrx_word' id='word_1_361' title='bbox 1426 2518 1494 2548; x_wconf 79' lang='grc'>254</span> <span class='ocrx_word' id='word_1_362' title='bbox 1531 2516 1542 2558; x_wconf 93' lang='grc'>11</span> <span class='ocrx_word' id='word_1_363' title='bbox 1581 2518 1611 2549; x_wconf 87' lang='grc'><strong>7.</strong></span> <span class='ocrx_word' id='word_1_364' title='bbox 1646 2512 1776 2547; x_wconf 85' lang='lat' dir='ltr'>laelios</span> <span class='ocrx_word' id='word_1_365' title='bbox 1803 2514 1857 2557; x_wconf 84' lang='lat' dir='ltr'>M,</span> 
     </span>
    </p>
   </div>
   <div class='ocr_carea' id='block_1_4' title="bbox 154 2569 1855 2724">
    <p class='ocr_par' dir='ltr' id='par_1_4' title="bbox 154 2569 1855 2724">
     <span class='ocr_line' id='line_1_35' title="bbox 154 2569 1828 2629; baseline 0.001 -10"><span class='ocrx_word' id='word_1_366' title='bbox 154 2585 264 2620; x_wconf 86' lang='lat' dir='ltr'>lelius</span> <span class='ocrx_word' id='word_1_367' title='bbox 287 2583 493 2628; x_wconf 79' lang='lat' dir='ltr'>G,1aolius</span> <span class='ocrx_word' id='word_1_368' title='bbox 514 2585 560 2618; x_wconf 87' lang='lat' dir='ltr'>R.</span> <span class='ocrx_word' id='word_1_369' title='bbox 587 2583 726 2618; x_wconf 90' lang='lat' dir='ltr'>Lollios</span> <span class='ocrx_word' id='word_1_370' title='bbox 747 2584 943 2619; x_wconf 69' lang='lat' dir='ltr'>Manutius</span> <span class='ocrx_word' id='word_1_371' title='bbox 961 2586 973 2629; x_wconf 94' lang='grc'>11</span> <span class='ocrx_word' id='word_1_372' title='bbox 994 2583 1168 2618; x_wconf 86' lang='lat' dir='ltr'>antonius</span> <span class='ocrx_word' id='word_1_373' title='bbox 1191 2585 1260 2619; x_wconf 86' lang='lat' dir='ltr'>GR</span> <span class='ocrx_word' id='word_1_374' title='bbox 1280 2586 1291 2629; x_wconf 93' lang='grc'>11</span> <span class='ocrx_word' id='word_1_375' title='bbox 1312 2590 1342 2619; x_wconf 72' lang='grc'><strong>8.</strong></span> <span class='ocrx_word' id='word_1_376' title='bbox 1369 2584 1454 2618; x_wconf 84' lang='lat' dir='ltr'>misi</span> <span class='ocrx_word' id='word_1_377' title='bbox 1475 2585 1529 2627; x_wconf 79' lang='lat' dir='ltr'>M,</span> <span class='ocrx_word' id='word_1_378' title='bbox 1556 2584 1648 2618; x_wconf 88' lang='lat' dir='ltr'>mihi</span> <span class='ocrx_word' id='word_1_379' title='bbox 1669 2569 1733 2628; x_wconf 50' lang='grc'><strong>1111)</strong></span> <span class='ocrx_word' id='word_1_380' title='bbox 1757 2585 1828 2620; x_wconf 87' lang='lat' dir='ltr'>GR</span> 
     </span>
     <span class='ocr_line' id='line_1_36' title="bbox 155 2631 1826 2684; baseline -0.001 -18"><span class='ocrx_word' id='word_1_381' title='bbox 155 2636 187 2668; x_wconf 90' lang='grc'>9</span> <span class='ocrx_word' id='word_1_382' title='bbox 209 2631 402 2667; x_wconf 86' lang='lat' dir='ltr'>dilatiores</span> <span class='ocrx_word' id='word_1_383' title='bbox 425 2632 496 2667; x_wconf 88' lang='lat' dir='ltr'>GR</span> <span class='ocrx_word' id='word_1_384' title='bbox 516 2632 527 2676; x_wconf 93' lang='grc'>11</span> <span class='ocrx_word' id='word_1_385' title='bbox 550 2635 602 2666; x_wconf 88' lang='grc'>10</span> <span class='ocrx_word' id='word_1_386' title='bbox 625 2633 662 2666; x_wconf 88' lang='lat' dir='ltr'>et</span> <span class='ocrx_word' id='word_1_387' title='bbox 683 2633 849 2675; x_wconf 83' lang='lat' dir='ltr'>spectare</span> <span class='ocrx_word' id='word_1_388' title='bbox 871 2633 904 2665; x_wconf 76' lang='grc' dir='ltr'>,Ω</span> <span class='ocrx_word' id='word_1_389' title='bbox 924 2633 935 2675; x_wconf 93' lang='grc'>11</span> <span class='ocrx_word' id='word_1_390' title='bbox 957 2635 1009 2666; x_wconf 96' lang='grc'>11</span> <span class='ocrx_word' id='word_1_391' title='bbox 1034 2632 1155 2666; x_wconf 86' lang='lat' dir='ltr'>facere</span> <span class='ocrx_word' id='word_1_392' title='bbox 1176 2632 1221 2666; x_wconf 82' lang='lat' dir='ltr'><em>M</em></span> <span class='ocrx_word' id='word_1_393' title='bbox 1233 2634 1248 2684; x_wconf 69' lang='lat' dir='ltr'>j}</span> <span class='ocrx_word' id='word_1_394' title='bbox 1267 2631 1463 2676; x_wconf 78' lang='lat' dir='ltr'>praeteriis</span> <span class='ocrx_word' id='word_1_395' title='bbox 1484 2632 1531 2676; x_wconf 91' lang='lat' dir='ltr'>R,</span> <span class='ocrx_word' id='word_1_396' title='bbox 1558 2631 1770 2677; x_wconf 83' lang='lat' dir='ltr'>praeteritis</span> <span class='ocrx_word' id='word_1_397' title='bbox 1794 2632 1826 2666; x_wconf 98' lang='lat' dir='ltr'>G</span> 
     </span>
     <span class='ocr_line' id='line_1_37' title="bbox 155 2678 1855 2724; baseline -0.002 -9"><span class='ocrx_word' id='word_1_398' title='bbox 155 2691 255 2715; x_wconf 91' lang='lat' dir='ltr'>more</span> <span class='ocrx_word' id='word_1_399' title='bbox 277 2681 311 2714; x_wconf 74' lang='grc' dir='ltr'>,Ω</span> <span class='ocrx_word' id='word_1_400' title='bbox 329 2681 341 2724; x_wconf 93' lang='grc'>11</span> <span class='ocrx_word' id='word_1_401' title='bbox 362 2683 415 2714; x_wconf 88' lang='grc'>12,</span> <span class='ocrx_word' id='word_1_402' title='bbox 435 2679 485 2713; x_wconf 89' lang='lat' dir='ltr'>sit</span> <span class='ocrx_word' id='word_1_403' title='bbox 505 2679 553 2713; x_wconf 85' lang='lat' dir='ltr'><em>M</em></span> <span class='ocrx_word' id='word_1_404' title='bbox 567 2680 578 2723; x_wconf 92' lang='grc'>11</span> <span class='ocrx_word' id='word_1_405' title='bbox 600 2682 653 2713; x_wconf 89' lang='lat'>14.</span> <span class='ocrx_word' id='word_1_406' title='bbox 681 2678 816 2712; x_wconf 87' lang='lat' dir='ltr'>cclium</span> <span class='ocrx_word' id='word_1_407' title='bbox 834 2678 865 2712; x_wconf 87' lang='lat' dir='ltr'>G</span> <span class='ocrx_word' id='word_1_408' title='bbox 892 2680 903 2723; x_wconf 92' lang='grc'>11</span> <span class='ocrx_word' id='word_1_409' title='bbox 922 2679 1176 2724; x_wconf 88' lang='lat' dir='ltr'>Vinicianum]</span> <span class='ocrx_word' id='word_1_410' title='bbox 1204 2678 1433 2713; x_wconf 82' lang='lat' dir='ltr'>uicinianuin</span> <span class='ocrx_word' id='word_1_411' title='bbox 1449 2680 1493 2714; x_wconf 76' lang='grc' dir='ltr'><strong>Ω.</strong></span> <span class='ocrx_word' id='word_1_412' title='bbox 1520 2683 1564 2722; x_wconf 80' lang='lat' dir='ltr'>cf.</span> <span class='ocrx_word' id='word_1_413' title='bbox 1588 2679 1624 2714; x_wconf 82' lang='lat' dir='ltr'>C.</span> <span class='ocrx_word' id='word_1_414' title='bbox 1642 2681 1672 2714; x_wconf 85' lang='lat' dir='ltr'>J.</span> <span class='ocrx_word' id='word_1_415' title='bbox 1688 2680 1732 2714; x_wconf 88' lang='lat' dir='ltr'>L.</span> <span class='ocrx_word' id='word_1_416' title='bbox 1753 2679 1768 2713; x_wconf 94' lang='lat' dir='ltr'>I</span> <span class='ocrx_word' id='word_1_417' title='bbox 1789 2682 1855 2712; x_wconf 79' lang='lat'>641</span> 
     </span>
    </p>
   </div>
   <div class='ocr_carea' id='block_1_5' title="bbox 123 2727 1858 3164">
    <p class='ocr_par' dir='ltr' id='par_1_5' title="bbox 123 2727 1858 3164">
     <span class='ocr_line' id='line_1_38' title="bbox 155 2727 1857 2783; baseline -0.001 -10"><span class='ocrx_word' id='word_1_418' title='bbox 155 2738 254 2783; x_wconf 91' lang='lat' dir='ltr'><strong>(XIV</strong></span> <span class='ocrx_word' id='word_1_419' title='bbox 280 2740 386 2783; x_wconf 87' lang='grc'><strong>2602)</strong></span> <span class='ocrx_word' id='word_1_420' title='bbox 423 2739 434 2782; x_wconf 96' lang='grc'>11</span> <span class='ocrx_word' id='word_1_421' title='bbox 474 2742 527 2772; x_wconf 77' lang='lat'>15,</span> <span class='ocrx_word' id='word_1_422' title='bbox 561 2737 822 2783; x_wconf 77' lang='lat' dir='ltr'>deriseramus]</span> <span class='ocrx_word' id='word_1_423' title='bbox 857 2727 1110 2771; x_wconf 85' lang='lat' dir='ltr'>desideramus</span> <span class='ocrx_word' id='word_1_424' title='bbox 1144 2738 1196 2780; x_wconf 89' lang='lat' dir='ltr'>G,</span> <span class='ocrx_word' id='word_1_425' title='bbox 1233 2737 1445 2772; x_wconf 87' lang='lat' dir='ltr'>deseramus</span> <span class='ocrx_word' id='word_1_426' title='bbox 1472 2738 1553 2772; x_wconf 74' lang='lat' dir='ltr'>MR</span> <span class='ocrx_word' id='word_1_427' title='bbox 1591 2740 1603 2782; x_wconf 91' lang='grc'>11</span> <span class='ocrx_word' id='word_1_428' title='bbox 1642 2742 1694 2772; x_wconf 80' lang='lat'>15.</span> <span class='ocrx_word' id='word_1_429' title='bbox 1724 2741 1777 2772; x_wconf 89' lang='lat'>16.</span> <span class='ocrx_word' id='word_1_430' title='bbox 1812 2737 1857 2771; x_wconf 92' lang='lat' dir='ltr'>de</span> 
     </span>
     <span class='ocr_line' id='line_1_39' title="bbox 156 2784 1829 2829; baseline -0.002 -7"><span class='ocrx_word' id='word_1_431' title='bbox 156 2786 338 2821; x_wconf 85' lang='lat' dir='ltr'>dictatore</span> <span class='ocrx_word' id='word_1_432' title='bbox 365 2786 420 2829; x_wconf 82' lang='lat' dir='ltr'>M,</span> <span class='ocrx_word' id='word_1_433' title='bbox 448 2785 493 2819; x_wconf 85' lang='lat' dir='ltr'>de</span> <span class='ocrx_word' id='word_1_434' title='bbox 521 2784 685 2819; x_wconf 85' lang='lat' dir='ltr'>dicatore</span> <span class='ocrx_word' id='word_1_435' title='bbox 711 2786 759 2828; x_wconf 77' lang='lat' dir='ltr'>R,</span> <span class='ocrx_word' id='word_1_436' title='bbox 786 2784 1005 2819; x_wconf 84' lang='lat' dir='ltr'>delictatore</span> <span class='ocrx_word' id='word_1_437' title='bbox 1034 2787 1064 2817; x_wconf 84' lang='lat'>(1</span> <span class='ocrx_word' id='word_1_438' title='bbox 1078 2786 1083 2805; x_wconf 78' lang='lat'><strong>¹</strong></span> <span class='ocrx_word' id='word_1_439' title='bbox 1110 2796 1154 2819; x_wconf 69' lang='lat' dir='ltr'>ew</span> <span class='ocrx_word' id='word_1_440' title='bbox 1180 2784 1407 2819; x_wconf 87' lang='lat' dir='ltr'>delectatore</span> <span class='ocrx_word' id='word_1_441' title='bbox 1436 2787 1447 2829; x_wconf 91' lang='grc'>11</span> <span class='ocrx_word' id='word_1_442' title='bbox 1479 2788 1531 2819; x_wconf 86' lang='grc'>17.</span> <span class='ocrx_word' id='word_1_443' title='bbox 1558 2784 1634 2818; x_wconf 83' lang='lat' dir='ltr'>iam</span> <span class='ocrx_word' id='word_1_444' title='bbox 1661 2798 1693 2826; x_wconf 82' lang='grc' dir='ltr'>ς,</span> <span class='ocrx_word' id='word_1_445' title='bbox 1721 2796 1768 2819; x_wconf 86' lang='lat' dir='ltr'>an</span> <span class='ocrx_word' id='word_1_446' title='bbox 1795 2787 1829 2818; x_wconf 80' lang='grc' dir='ltr'>Ω</span> 
     </span>
     <span class='ocr_line' id='line_1_40' title="bbox 155 2813 1826 2879; baseline -0.001 -11"><span class='ocrx_word' id='word_1_447' title='bbox 155 2833 326 2879; x_wconf 83' lang='lat' dir='ltr'>flagitare</span> <span class='ocrx_word' id='word_1_448' title='bbox 353 2833 414 2875; x_wconf 85' lang='lat' dir='ltr'>M,</span> <span class='ocrx_word' id='word_1_449' title='bbox 447 2832 594 2877; x_wconf 70' lang='lat' dir='ltr'>agitas?</span> <span class='ocrx_word' id='word_1_450' title='bbox 633 2832 644 2875; x_wconf 88' lang='lat' dir='ltr'>l</span> <span class='ocrx_word' id='word_1_451' title='bbox 675 2833 723 2876; x_wconf 91' lang='lat' dir='ltr'>G,</span> <span class='ocrx_word' id='word_1_452' title='bbox 752 2813 893 2876; x_wconf 66' lang='lat' dir='ltr'>&#39;salig-as</span> <span class='ocrx_word' id='word_1_453' title='bbox 920 2832 955 2866; x_wconf 86' lang='lat' dir='ltr'>R</span> <span class='ocrx_word' id='word_1_454' title='bbox 993 2833 1004 2876; x_wconf 95' lang='grc'>11</span> <span class='ocrx_word' id='word_1_455' title='bbox 1043 2836 1096 2865; x_wconf 74' lang='grc'>18</span> <span class='ocrx_word' id='word_1_456' title='bbox 1130 2843 1168 2866; x_wconf 90' lang='lat' dir='ltr'>es</span> <span class='ocrx_word' id='word_1_457' title='bbox 1200 2832 1254 2874; x_wconf 92' lang='lat' dir='ltr'>R,</span> <span class='ocrx_word' id='word_1_458' title='bbox 1287 2834 1345 2866; x_wconf 73' lang='lat' dir='ltr'>est</span> <span class='ocrx_word' id='word_1_459' title='bbox 1376 2833 1455 2866; x_wconf 81' lang='lat' dir='ltr'>MG</span> <span class='ocrx_word' id='word_1_460' title='bbox 1494 2834 1505 2875; x_wconf 94' lang='grc'>11</span> <span class='ocrx_word' id='word_1_461' title='bbox 1543 2837 1596 2866; x_wconf 69' lang='grc'>’1.</span> <span class='ocrx_word' id='word_1_462' title='bbox 1631 2813 1767 2866; x_wconf 55' lang='lat' dir='ltr'>ief&#39;eret</span> <span class='ocrx_word' id='word_1_463' title='bbox 1793 2832 1826 2867; x_wconf 81' lang='lat' dir='ltr'>G</span> 
     </span>
     <span class='ocr_line' id='line_1_41' title="bbox 158 2846 1858 2926; baseline -0.001 -11"><span class='ocrx_word' id='word_1_464' title='bbox 158 2846 244 2916; x_wconf 70' lang='grc' dir='ltr'>22.ΒἸ</span> <span class='ocrx_word' id='word_1_465' title='bbox 241 2891 442 2926; x_wconf 84' lang='lat' dir='ltr'>expensam</span> <span class='ocrx_word' id='word_1_466' title='bbox 468 2879 570 2924; x_wconf 74' lang='lat' dir='ltr'>tulit]</span> <span class='ocrx_word' id='word_1_467' title='bbox 598 2881 643 2922; x_wconf 78' lang='lat' dir='ltr'>cf.</span> <span class='ocrx_word' id='word_1_468' title='bbox 673 2880 702 2913; x_wconf 86' lang='grc'>11</span> <span class='ocrx_word' id='word_1_469' title='bbox 710 2880 834 2914; x_wconf 73' lang='lat' dir='ltr'>zllcms</span> <span class='ocrx_word' id='word_1_470' title='bbox 861 2880 911 2913; x_wconf 87' lang='lat' dir='ltr'>‘Ie</span> <span class='ocrx_word' id='word_1_471' title='bbox 935 2879 1056 2913; x_wconf 70' lang='lat' dir='ltr'>semct&#39;</span> <span class='ocrx_word' id='word_1_472' title='bbox 1086 2878 1117 2912; x_wconf 87' lang='lat' dir='ltr'>Il</span> <span class='ocrx_word' id='word_1_473' title='bbox 1140 2891 1178 2924; x_wconf 80' lang='lat' dir='ltr'>p.</span> <span class='ocrx_word' id='word_1_474' title='bbox 1200 2881 1269 2912; x_wconf 87' lang='grc'>418</span> <span class='ocrx_word' id='word_1_475' title='bbox 1305 2881 1317 2924; x_wconf 93' lang='grc'>11</span> <span class='ocrx_word' id='word_1_476' title='bbox 1354 2883 1409 2914; x_wconf 79' lang='grc'>22.</span> <span class='ocrx_word' id='word_1_477' title='bbox 1437 2882 1491 2913; x_wconf 84' lang='grc'>23.</span> <span class='ocrx_word' id='word_1_478' title='bbox 1519 2879 1643 2922; x_wconf 84' lang='lat' dir='ltr'>quoad</span> <span class='ocrx_word' id='word_1_479' title='bbox 1668 2881 1858 2924; x_wconf 88' lang='lat' dir='ltr'>pateretur</span> 
     </span>
     <span class='ocr_line' id='line_1_42' title="bbox 159 2927 1856 2972; baseline -0.002 -8"><span class='ocrx_word' id='word_1_480' title='bbox 159 2928 194 2964; x_wconf 83' lang='lat' dir='ltr'>G.</span> <span class='ocrx_word' id='word_1_481' title='bbox 217 2928 266 2964; x_wconf 84' lang='lat' dir='ltr'>F.</span> <span class='ocrx_word' id='word_1_482' title='bbox 287 2928 479 2963; x_wconf 73' lang='lat' dir='ltr'>Hermann</span> <span class='ocrx_word' id='word_1_483' title='bbox 505 2928 542 2971; x_wconf 85' lang='lat' dir='ltr'>(l.</span> <span class='ocrx_word' id='word_1_484' title='bbox 571 2928 620 2971; x_wconf 77' lang='lat' dir='ltr'>cl.)</span> <span class='ocrx_word' id='word_1_485' title='bbox 647 2927 922 2971; x_wconf 72' lang='lat' dir='ltr'>Hermannique</span> <span class='ocrx_word' id='word_1_486' title='bbox 953 2928 1136 2961; x_wconf 76' lang='lat' dir='ltr'>immemor</span> <span class='ocrx_word' id='word_1_487' title='bbox 1167 2938 1228 2972; x_wconf 69' lang='lat' dir='ltr'>eqo</span> <span class='ocrx_word' id='word_1_488' title='bbox 1260 2927 1594 2970; x_wconf 71' lang='lat' dir='ltr'>(awz.phzl.1886</span> <span class='ocrx_word' id='word_1_489' title='bbox 1615 2939 1653 2971; x_wconf 75' lang='lat'>1).</span> <span class='ocrx_word' id='word_1_490' title='bbox 1676 2930 1752 2970; x_wconf 79' lang='lat'>65),</span> <span class='ocrx_word' id='word_1_491' title='bbox 1784 2938 1856 2970; x_wconf 91' lang='lat' dir='ltr'>quo</span> 
     </span>
     <span class='ocr_line' id='line_1_43' title="bbox 157 2955 1856 3072; baseline 0.001 -17"><span class='ocrx_word' id='word_1_492' title='bbox 157 2977 331 3057; x_wconf 45' lang='lat'>3313&amp;</span> <span class='ocrx_word' id='word_1_493' title='bbox 333 2977 394 3056; x_wconf 61' lang='grc' dir='ltr'>Ἥ</span> <span class='ocrx_word' id='word_1_494' title='bbox 414 2975 707 3067; x_wconf 43' lang='lat' dir='ltr'>iffllssssgssssffi</span> <span class='ocrx_word' id='word_1_495' title='bbox 735 2974 847 3067; x_wconf 56' lang='grc' dir='ltr'>ἓὲζῖᾈ</span> <span class='ocrx_word' id='word_1_496' title='bbox 865 2974 1088 3056; x_wconf 56' lang='lat' dir='ltr'>⁰23,232-¹...l&#39;.</span> <span class='ocrx_word' id='word_1_497' title='bbox 1102 2977 1173 3064; x_wconf 57' lang='lat'>223:</span> <span class='ocrx_word' id='word_1_498' title='bbox 1192 2973 1527 3072; x_wconf 44' lang='grc' dir='ltr'>Ἓὲἳῗῗιῗῗῖἧι]</span> <span class='ocrx_word' id='word_1_499' title='bbox 1524 2974 1595 3055; x_wconf 57' lang='grc'>21</span> <span class='ocrx_word' id='word_1_500' title='bbox 1622 2977 1691 3055; x_wconf 59' lang='lat'>{330</span> <span class='ocrx_word' id='word_1_501' title='bbox 1714 2955 1856 3056; x_wconf 59' lang='grc' dir='ltr'>(ὲῖῗῖῗὲ</span> 
     </span>
     <span class='ocr_line' id='line_1_44' title="bbox 123 3067 1857 3115; baseline 0.001 -12"><span class='ocrx_word' id='word_1_502' title='bbox 123 3084 133 3092; x_wconf 83' lang='grc'><em>·</em></span> <span class='ocrx_word' id='word_1_503' title='bbox 158 3069 359 3114; x_wconf 82' lang='lat' dir='ltr'>provinciis</span> <span class='ocrx_word' id='word_1_504' title='bbox 397 3071 464 3104; x_wconf 75' lang='lat' dir='ltr'>ael.</span> <span class='ocrx_word' id='word_1_505' title='bbox 503 3070 572 3104; x_wconf 78' lang='lat' dir='ltr'>alii</span> <span class='ocrx_word' id='word_1_506' title='bbox 608 3071 619 3114; x_wconf 91' lang='grc'>11</span> <span class='ocrx_word' id='word_1_507' title='bbox 658 3068 953 3104; x_wconf 79' lang='lat' dir='ltr'>28.a1imenum</span> <span class='ocrx_word' id='word_1_508' title='bbox 990 3069 1089 3113; x_wconf 84' lang='lat' dir='ltr'>MR,</span> <span class='ocrx_word' id='word_1_509' title='bbox 1127 3067 1328 3113; x_wconf 85' lang='lat' dir='ltr'>arimnum,</span> <span class='ocrx_word' id='word_1_510' title='bbox 1363 3080 1421 3113; x_wconf 72' lang='lat' dir='ltr'>pl.</span> <span class='ocrx_word' id='word_1_511' title='bbox 1455 3080 1491 3102; x_wconf 92' lang='lat' dir='ltr'>m</span> <span class='ocrx_word' id='word_1_512' title='bbox 1529 3080 1619 3104; x_wconf 74' lang='lat' dir='ltr'>corr.</span> <span class='ocrx_word' id='word_1_513' title='bbox 1653 3081 1698 3104; x_wconf 88' lang='lat' dir='ltr'>m.</span> <span class='ocrx_word' id='word_1_514' title='bbox 1725 3072 1764 3114; x_wconf 83' lang='grc'>2,</span> <span class='ocrx_word' id='word_1_515' title='bbox 1793 3069 1857 3115; x_wconf 60' lang='lat' dir='ltr'>G„</span> 
     </span>
     <span class='ocr_line' id='line_1_45' title="bbox 158 3115 608 3164; baseline 0 -14"><span class='ocrx_word' id='word_1_516' title='bbox 158 3120 214 3152; x_wconf 86' lang='grc'>29.</span> <span class='ocrx_word' id='word_1_517' title='bbox 241 3117 382 3164; x_wconf 85' lang='lat' dir='ltr'>actum]</span> <span class='ocrx_word' id='word_1_518' title='bbox 407 3115 549 3152; x_wconf 86' lang='lat' dir='ltr'>factum</span> <span class='ocrx_word' id='word_1_519' title='bbox 572 3117 608 3150; x_wconf 75' lang='grc' dir='ltr'>Ω,</span> 
     </span>
    </p>
   </div>
   <div class='ocr_carea' id='block_1_6' title="bbox 1883 782 1902 810">
    <p class='ocr_par' dir='ltr' id='par_1_6' title="bbox 1883 782 1902 810">
     <span class='ocr_line' id='line_1_46' title="bbox 1883 782 1902 810; baseline 0 0"><span class='ocrx_word' id='word_1_520' title='bbox 1883 782 1902 810; x_wconf 86' lang='grc'><strong>3</strong></span> 
     </span>
    </p>
   </div>
  </div>
 </body>
</html>
