2242 3496
91 1064 123 1087 10

91 1417 123 1442 15

558 204 890 239 EPISTVLARVM
923 203 1013 238 xlu.
1042 207 1094 237 40.
1125 206 1177 236 41.
1208 206 1260 236 1-1.
1289 204 1342 236 13,
1371 204 1424 234 11.
1756 197 1838 239 367

145 319 248 369 aput
282 317 322 355 te
356 314 658 355 auctoritatem
700 316 774 354 aiut
813 313 997 368 gratiani
1039 312 1178 352 valere
1218 310 1312 364 plus
1352 324 1479 364 quam
1520 323 1674 350 meam:
1714 307 1753 348 id
1796 312 1841 348 ut

146 399 189 425 re
222 384 479 438 experiatur,
514 384 667 425 iterum
703 388 743 424 ot
778 383 946 437 saepius
980 386 1020 423 ts·
1056 397 1172 437 rogo.

839 512 993 554 XLIII.
1038 513 1146 567 UO.)

586 607 641 649 M.
669 607 881 650 CICERO
917 606 1163 657 QVINTJO
1199 604 1403 647 GALLO.

260 689 357 731 Etsi
403 690 601 745 plurimis
646 691 773 732 rebus
819 705 942 745 spero
987 690 1078 731 fore
1124 692 1173 730 ut
1216 688 1493 742 perspiciam,
1539 688 1652 742 quod
1696 690 1839 728 tamen

142 760 395 816 iampridem
428 761 653 816 perspicio,
687 776 753 802 me
788 776 812 801 a
844 765 885 801 te
919 760 1065 813 amari,
1098 763 1243 800 tamen
1276 774 1325 800 ea
1358 774 1485 800 causa
1519 758 1599 800 tibi
1626 758 1765 812 datur,
1796 757 1841 798 111

143 846 227 886 qua
258 832 383 874 facile
416 832 629 873 declarare
662 831 802 885 possis
836 834 955 872 tuam
989 844 1092 885 erga
1118 844 1184 870 me
1211 829 1574 870 benevolentiam:
1607 828 1652 869 L.
1676 827 1840 883 Oppius

143 901 199 943 M.
231 902 258 944 f.
290 902 522 944 Philomeli
561 901 827 957 negotiatur,
866 901 995 942 homo
1034 900 1141 941 mihi
1179 899 1424 953 familiaris,
1466 915 1561 941 eum
1600 900 1680 940 tibi
1719 899 1841 940 unice

143 973 392 1014 commendo
426 987 560 1026 eoque
594 972 746 1027 magis,
779 971 892 1025 quod
925 985 1022 1012 cum
1053 971 1195 1024 ipsum
1228 969 1374 1024 diligo,
1407 972 1499 1010 tum
1527 970 1638 1024 quod
1666 969 1842 1024 negotia

144 1046 347 1098 procurat
371 1042 418 1085 L.
444 1042 624 1098 Egnatii
651 1040 763 1096 Rufi,
796 1055 879 1095 quo
913 1054 993 1096 ego
1020 1054 1105 1081 uno
1133 1040 1276 1094 equite
1303 1039 1353 1081 R.
1380 1039 1717 1082 familiarissime
1745 1042 1843 1081 utor

143 1116 187 1155 et
219 1114 292 1169 qui
325 1128 422 1156 cum
455 1112 762 1156 consuetudine
797 1111 1030 1165 cotidiana,
1069 1114 1161 1152 tum
1200 1110 1353 1153 officiis
1392 1111 1590 1165 plurimis
1624 1110 1843 1152 maximis-

143 1199 224 1239 que
268 1184 376 1226 mihi
417 1184 670 1226 coniunctus
710 1186 788 1225 est.
857 1183 1045 1237 Oppium
1089 1182 1223 1238 igitur
1266 1185 1538 1236 praesentem
1581 1185 1630 1223 ut
1674 1181 1841 1237 diligas,

141 1254 324 1311 Egnatii
356 1255 547 1310 apsentis
580 1270 670 1296 rem
703 1257 751 1295 ut
784 1257 944 1308 tueare,
976 1267 1107 1308 aeque
1141 1267 1165 1293 a
1195 1255 1237 1294 te
1263 1256 1377 1307 peto,
1410 1268 1456 1294 ac
1485 1254 1521 1294 si
1547 1267 1641 1294 mea
1667 1252 1844 1308 negotia

143 1329 297 1368 essent.
353 1326 481 1368 velim
513 1325 744 1368 memoriae
771 1328 869 1366 tuae
897 1339 1026 1366 causa
1052 1324 1124 1365 des
1151 1324 1394 1365 litterarum
1421 1324 1595 1379 aliquid,
1628 1338 1735 1378 quae
1761 1323 1842 1364 tibi

142 1396 187 1438 in
217 1397 438 1452 provincia
469 1398 718 1451 reddantur,
752 1395 824 1438 sed
857 1396 919 1437 ita
953 1395 1217 1450 conscribas,
1248 1398 1297 1436 ut
1328 1398 1441 1449 tum,
1480 1410 1577 1436 cum
1609 1409 1681 1436 eas
1712 1394 1843 1450 leges,

142 1467 268 1510 facile
300 1468 514 1510 recordari
545 1468 686 1523 possis
718 1468 847 1509 huius
880 1481 1000 1508 meae
1027 1466 1410 1508 commendationis
1437 1466 1730 1522 diligentiam:
1762 1465 1843 1507 hoc

143 1541 186 1580 te
218 1542 438 1581 vementer
470 1540 601 1582 etiam
634 1542 762 1594 atque
796 1539 927 1580 etiam
959 1551 1076 1593 rogo.

841 1668 994 1710 XLIV.
1040 1667 1146 1724 (11.)

733 1749 945 1794 CICERO
980 1749 1172 1792 GALLO
1209 1749 1249 1792 S.

261 1835 360 1877 Etsi
392 1850 444 1877 ex
475 1834 561 1876 tuis
595 1837 637 1876 et
671 1849 721 1876 ex
752 1833 798 1875 L.
827 1832 969 1888 Oppii,
1001 1832 1230 1874 familiaris
1263 1833 1359 1887 mei,
1391 1832 1551 1874 litteris
1586 1832 1769 1888 cognovi
1802 1836 1844 1874 te

143 1920 379 1948 memorem
410 1904 794 1947 commendationis
838 1919 956 1946 meae
994 1903 1127 1945 fuisse
1166 1903 1293 1958 idque
1326 1917 1404 1958 pro
1437 1907 1513 1945 tua
1545 1918 1712 1945 summa
1744 1917 1846 1958 erga

142 1992 210 2019 me
242 1976 536 2018 benivolentia
561 1990 725 2031 proque
750 1978 901 2017 nostra
929 1974 1245 2016 necessitudine
1273 1974 1448 2016 minime
1476 1989 1571 2016 sum
1597 1974 1847 2029 admiratus,

142 2050 289 2089 tamen
321 2048 452 2089 etiam
485 2050 614 2103 atque
647 2047 779 2089 etiam
811 2046 894 2088 tibi
920 2045 965 2096 L.
994 2045 1181 2100 Oppium
1213 2048 1485 2100 praesentem
1511 2048 1555 2087 et
1581 2044 1626 2086 L.
1653 2045 1845 2101 Egnatii,

142 2118 227 2161 mei
258 2118 601 2172 familiarissimi,
633 2117 826 2173 apsentis
857 2116 1035 2172 negotia
1067 2116 1330 2158 commendo.
1388 2119 1511 2157 tanta
1538 2116 1645 2157 mihi
1672 2131 1768 2158 cum
1795 2131 1844 2158 eo

107 2211 124 2237 5
142 2190 414 2232 necessitudo
441 2192 508 2231 est
533 2189 906 2244 familiaritasque,
935 2191 996 2243 ut,
1023 2187 1059 2229 si
1085 2202 1180 2231 mea
1205 2201 1273 2229 res
1301 2190 1426 2242 esset,
1452 2202 1540 2229 non
1566 2187 1704 2242 magis
1730 2188 1846 2229 labo-

144 2275 302 2316 rarem3
340 2263 604 2316 quapropter
642 2260 940 2316 gratissimum
978 2259 1085 2300 mihi
1122 2258 1292 2313 feceris,
1331 2259 1368 2300 si
1407 2258 1587 2310 curaris,
1624 2261 1673 2300 ut
1710 2259 1746 2300 is
1785 2259 1846 2300 in-

145 2332 326 2388 tellegat
358 2346 425 2374 me
459 2346 483 2373 a
515 2335 557 2373 te
591 2334 762 2373 tantum
795 2331 948 2385 amari,
988 2332 1198 2384 quantum
1235 2329 1326 2384 ipse
1367 2329 1584 2371 existimo:
1624 2329 1706 2371 hoc
1740 2329 1845 2371 mihi

145 2403 313 2458 gratius
345 2402 485 2444 facere
518 2402 627 2444 nihil
658 2404 794 2456 potes,
827 2402 954 2455 idque
986 2403 1036 2442 ut
1068 2400 1201 2442 facias
1235 2403 1454 2442 vementer
1486 2403 1528 2442 te
1561 2414 1682 2456 rogo.

219 2552 226 2558 .
265 2511 295 2541 1.
328 2508 366 2541 te
401 2508 467 2541 aut
497 2506 659 2551 gratiam
693 2507 758 2540 aut
790 2505 1052 2541 auctoritatem
1078 2505 1115 2539 D
1152 2507 1164 2550 [Ι
1201 2510 1232 2540 4.
1261 2504 1460 2546 QVINTIO
1494 2505 1667 2551 GALLO]
1701 2505 1846 2549 quintio

145 2565 257 2635 gaulo,
284 2588 298 2623 i
323 2601 346 2624 a
364 2601 408 2624 m.
432 2593 449 2622 1
476 2590 541 2637 vel?
557 2589 621 2623 Mc
647 2588 762 2634 (gallo
784 2589 835 2633 P)
863 2589 916 2632 M,
944 2587 1088 2632 quintio
1114 2587 1216 2632 gallo
1243 2590 1300 2632 (eoe
1320 2587 1452 2633 gallio)
1473 2589 1522 2633 1),
1548 2587 1692 2631 quintio
1713 2588 1778 2623 sal.
1801 2588 1845 2622 II.

147 2635 346 2678 QVINTIO
379 2635 553 2670 GALLIo
591 2638 666 2672 incl.
700 2636 794 2670 ΖΠΗ.
847 2636 887 2677 Q.
917 2634 1038 2670 Gallio
1077 2646 1155 2670 eum
1193 2635 1367 2670 fllanutio
1405 2637 1482 2670 alii.
1540 2637 1652 2670 dubia
1690 2646 1761 2670 res:
1799 2637 1845 2678 cs'.

146 2684 199 2718 M.
222 2683 333 2718 Ho'lzl
360 2683 458 2727 ‘ja-st.
481 2683 614 2728 praet?
638 2696 675 2728 p.
699 2686 753 2718 94.
781 2686 825 2717 95
845 2685 856 2728 ΙΙ
876 2686 906 2717 6.
934 2684 1060 2717 tamen
1081 2693 1125 2716 ea
1144 2682 1236 2726 HD,
1262 2684 1388 2717 tamen
1407 2693 1491 2716 mea
1511 2683 1563 2717 M.
1603 2684 1730 2717 tamen
1750 2694 1847 2716 nunc

146 2741 191 2765 ea
216 2741 248 2774 ς,
274 2732 402 2765 tamen
425 2730 502 2764 iam
528 2742 572 2765 ea
598 2731 648 2765 H.
669 2730 716 2765 A.
738 2730 841 2765 Koch
866 2730 1019 2773 (Philol.
1045 2730 1138 2764 Am.
1165 2729 1198 2763 V
1219 2731 1362 2774 12161)
1394 2730 1405 2772 ΙΙ
1447 2733 1476 2764 7.
1504 2729 1767 2764 beneuolentia
1792 2731 1847 2774 (in

144 2779 216 2822 fine
235 2781 299 2822 vs.)
326 2778 373 2812 M
388 2780 400 2823 Η
419 2777 525 2822 opius
549 2780 588 2812 Ψ
603 2781 614 2821 ΙΙ
635 2782 664 2812 8.
691 2777 887 2822 philomeli
911 2777 938 2821 (-
942 2776 1039 2810 meni
1060 2776 1120 2820 H)
1151 2778 1198 2820 Ψ,
1224 2771 1437 2811 Philomelii
1459 2777 1570 2812 Orelli
1589 2778 1600 2821 ΙΙ
1621 2781 1750 2811 10.11
1778 2778 1847 2810 rufi

147 2836 220 2870 quo
246 2825 362 2870 (quod
387 2826 451 2870 Μ)
477 2836 545 2870 ego
573 2835 644 2859 uno
671 2824 824 2868 equiter.
852 2823 990 2869 (equite
1016 2834 1168 2857 romano
1190 2805 1247 2867 D)
1279 2823 1572 2858 familiarissime
1604 2825 1688 2857 utor
1719 2823 1847 2867 etqui

146 2872 414 2908 consuetudine
439 2874 492 2918 (et
516 2883 600 2907 011111
626 2883 724 2906 cons.
750 2872 800 2915 D,
827 2873 865 2906 et
889 2870 954 2915 qui
980 2882 1063 2905 cum
1088 2881 1186 2905 cons.
1214 2871 1410 2914 Victorius)
1438 2870 1532 2914 MD,
1558 2870 1627 2904 rufi
1646 2870 1716 2913 111
1738 2870 1846 2905 fami-

146 2919 345 2955 liarissime
372 2922 456 2954 utor
481 2930 552 2963 quo
580 2930 648 2964 ego
675 2930 746 2953 uno
773 2918 898 2963 equite
924 2919 962 2952 et
987 2929 1070 2952 cum
1095 2917 1363 2951 consuetudine
1390 2918 1433 2952 H
1450 2919 1461 2961 ΙΙ
1487 2921 1541 2952 14.
1568 2917 1748 2952 memoiia
1773 2918 1846 2955 M

148 2966 284 3011 aliquit
308 2967 356 3002 M
379 2969 390 3011 Η
424 2971 477 3002 15.
505 2969 546 3001 ut
571 2969 650 3001 tum
675 2966 724 3010 D,
752 2968 789 3000 et
806 2932 892 3000 ltum
920 2965 1009 2999 MH
1037 2968 1048 3007 ιΙ
1081 2969 1134 2999 17.
1162 2964 1400 2999 uehementer
1426 2964 1505 2998 HD
1535 2967 1546 3008 ΙΙ
1581 2968 1633 2999 19.
1662 2964 1770 2999 Gallo
1795 2952 1846 3009 D,

147 3013 264 3059 gallio
291 3014 381 3049 ΜΗ
401 3019 433 3050 et
457 3016 534 3049 md.
568 3016 611 3057 cf.
640 3014 688 3048 ad
715 3026 766 3058 (p.
787 3017 832 3046 43
864 3015 875 3057 Η
907 3016 961 3046 20.
989 3011 1065 3056 opii
1091 3012 1133 3046 H
1163 3012 1174 3056 ΙΙ
1204 3011 1403 3046 familiaris
1428 3011 1502 3046 mei
1533 3013 1663 3056 scripsi
1688 3013 1766 3047 coll.
1793 3024 1846 3058 ep.

147 3065 262 3106 43,1;
289 3065 344 3105 74,
370 3061 656 3096 familiarissimi
679 3058 1036 3104 ²11,familia1issimi
1059 3058 1188 3105 (mei)
1209 3071 1228 3096 ς
1249 3061 1261 3102 ΙΙ
1280 3063 1335 3094 21
1356 3058 1471 3093 fuisse
1490 3069 1595 3093 meae
1617 3059 1659 3093 Η
1675 3060 1686 3104 ΙΙ
1706 3062 1760 3093 22.
1783 3059 1846 3093 ad-

148 3107 356 3155 miratussss,
382 3112 402 3143 2
424 3110 492 3145 litt.
518 3120 603 3152 ras„
628 3109 676 3143 M
691 3110 702 3152 ΙΙ
723 3112 776 3142 23
805 3107 930 3152 opium
956 3106 1139 3150 Ianass.
1167 3105 1259 3140 1111111
1286 3105 1540 3150 gratissimum
1561 3105 1842 3151 ΗΙΙ28.110110-

149 3156 291 3190 menter
317 3156 396 3190 HD
415 3158 426 3202 ΙΙ
445 3158 482 3191 te
507 3156 745 3190 11110111111101
772 3166 858 3201 rogo
887 3155 915 3189 u
922 3154 1096 3200 'esenbery
