2242 3496
700 222 1036 258 Epls'l‘VLARVM
1064 222 1122 258 Vl.
1152 227 1181 258 7.
1210 229 1241 260 ὅ.
1735 223 1810 263 141

122 332 280 375 sentire
319 334 521 387 oportet?
584 333 625 373 in
659 333 737 374 hac
780 332 913 388 igitur
951 333 1164 374 calumnia
1204 332 1373 373 timoris
1414 335 1457 373 et
1495 346 1643 373 caecae
1683 332 1815 386 suspi-

121 403 256 446 cionis
298 406 534 457 tormento,
572 419 666 444 cum
710 404 893 458 plurima
934 404 985 444 ad
1025 404 1150 444 alieni
1194 417 1343 444 sensus
1384 402 1692 456 coniecturam,
1731 418 1815 444 11011

121 474 174 516 ad
206 489 331 516 suum
364 474 567 515 iudicium
608 475 870 526 scribantur,
909 489 1035 528 quam
1076 473 1250 515 difficile
1283 474 1340 515 sit
1372 473 1565 523 evadere,
1607 474 1642 514 si
1676 474 1816 515 minus

120 548 321 600 expertus
355 560 418 599 es,
459 545 571 598 quod
606 548 647 585 te
680 545 730 586 ad
765 545 908 586 omnia
944 560 1158 586 summum
1192 548 1320 599 atque
1353 544 1563 586 excellens
1598 544 1814 599 ingenium

83 616 323 669 sarmavit,
360 630 438 656 1103
479 615 699 656 sentimus.
763 616 834 656 sed
868 619 1011 657 tamen
1052 630 1131 670 ego
1165 616 1255 656 filio
1289 615 1497 668 dixeram,
1539 614 1696 656 librum
1735 615 1813 656 tibi

119 685 284 742 legeret
315 688 358 727 et
390 685 595 739 auferret,
629 689 702 726 aut
735 701 783 727 ca
817 687 1066 728 condicione
1099 687 1237 740 daret,
1270 686 1305 726 si
1340 686 1549 740 reciperes
1581 688 1623 726 te
1657 700 1818 727 correc-

120 760 280 811 turum,
310 756 392 798 hoc
424 759 502 810 est,
535 756 571 796 si
605 759 746 797 totum
779 756 909 797 alium
943 757 1118 798 faceres.
1176 757 1225 797 de
1253 756 1444 798 Asiatico
1478 756 1641 810 itinere,
1674 771 1818 810 quam·
1845 769 1864 798 5

120 842 249 884 quam
282 841 450 869 summa
487 827 720 868 necessitas
759 827 1000 882 premebat,
1038 830 1086 868 ut
1118 827 1358 881 imperasti,
1397 827 1490 868 feei.
1554 831 1595 868 te
1633 842 1710 882 pro
1750 843 1817 868 me

121 899 225 954 quid
256 898 434 940 horter?
480 897 596 939 vides
636 900 806 952 tempus
846 898 1030 951 venisse,
1069 912 1152 952 quo
1189 912 1361 939 necesse
1396 898 1452 938 sit
1484 898 1533 938 de
1567 898 1690 939 nobis
1724 913 1817 939 con-

68 984 101 1009 10
121 969 256 1012 stitui.
319 968 425 1011 nihil
465 971 550 1022 est,
590 968 647 1009 mi
682 966 850 1023 Cicero,
888 969 1002 1022 quod
1040 968 1178 1008 filium
1219 983 1362 1009 meum
1401 971 1639 1022 exspectes:
1678 969 1816 1010 adule-

121 1055 244 1083 scens
286 1043 373 1096 est3
417 1040 561 1082 omnia
599 1039 844 1094 excogitare
884 1039 949 1080 vel
989 1039 1132 1079 studio
1175 1039 1240 1079 vel
1281 1042 1418 1080 aetate
1442 1039 1527 1080 *vel
1575 1042 1691 1080 metu
1733 1054 1816 1080 non

121 1114 277 1167 potest.
339 1114 483 1153 totum
520 1110 746 1166 negotium
786 1113 833 1151 tu
872 1110 1087 1150 sustineas
1134 1112 1322 1164 oportet,
1367 1111 1410 1151 in
1449 1113 1490 1150 te
1531 1110 1636 1151 mihi
1679 1111 1817 1151 omnis

121 1197 218 1238 spes
263 1185 340 1224 est.
408 1185 456 1224 tu
499 1197 577 1236 pro
621 1186 697 1223 tua
739 1181 987 1235 prudentia,
1040 1180 1195 1234 quibus
1241 1181 1368 1221 rebus
1414 1181 1618 1236 gaudeat,
1663 1182 1818 1235 quibus

121 1253 318 1309 capiatur
359 1252 537 1306 Caesar,
582 1256 723 1295 tenes:
767 1267 792 1292 a
833 1254 874 1293 te
918 1251 1061 1292 01111113
1104 1251 1432 1305 proficiscantur
1476 1255 1518 1292 et
1562 1267 1636 1305 per
1680 1254 1722 1292 te
1768 1252 1818 1292 ad

70 1338 103 1364 15
123 1325 286 1367 exitum
311 1325 600 1380 perducantur
627 1337 801 1366 necesse
829 1325 911 1377 est3
944 1322 1056 1375 apud
1088 1322 1229 1375 ipsum
1256 1322 1452 1376 multum,
1485 1323 1536 1363 ad
1563 1322 1652 1363 eius
1681 1322 1819 1363 omnis

120 1395 357 1451 plurimum
395 1399 534 1451 potes.
595 1409 728 1436 unum
766 1394 848 1434 tibi
881 1393 917 1434 si
949 1393 1230 1447 persuaseris,
1270 1407 1356 1433 non
1393 1392 1474 1434 hoc
1513 1407 1604 1433 esse
1637 1393 1701 1433 tui
1733 1408 1820 1434 mu·
1847 1405 1867 1435 6

119 1467 252 1522 110113,
291 1467 328 1509 31
361 1466 462 1522 quid
500 1469 678 1523 rogatus
708 1464 870 1518 fueris,
908 1466 957 1505 ut
993 1463 1125 1504 facias
1158 1488 1216 1492 -
1248 1478 1508 1518 quamquam
1542 1463 1583 1504 id
1615 1477 1819 1518 magnum

121 1541 165 1579 et
196 1538 388 1593 amplum
419 1541 486 1579 est
517 1562 592 1592 —,
624 1537 698 1578 sed
730 1538 872 1578 totum
903 1537 1028 1576 tuum
1061 1548 1152 1575 esse
1187 1549 1311 1589 onus,
1342 1534 1554 1588 perficies:
1591 1534 1676 1575 nisi
1707 1534 1820 1575 forte

121 1612 197 1650 aut
227 1609 273 1651 in
305 1609 480 1651 miseria
518 1608 649 1650 nimis
688 1607 820 1649 stulte
859 1609 934 1648 aut
965 1606 1011 1646 in
1042 1605 1233 1646 amicitia
1270 1605 1398 1646 nimis
1437 1605 1708 1660 impudenter
1739 1604 1821 1645 tibi

69 1694 232 1722 200nus
270 1680 464 1735 imp0n03
503 1680 576 1722 sed
614 1679 786 1733 utrique
819 1678 881 1719 rei
914 1676 1232 1719 excusationem
1269 1679 1368 1716 tuae
1406 1675 1519 1716 vitae
1559 1675 1820 1716 consuetudo

81 1792 83 1794 ,
123 1751 218 1806 dat,
260 1766 384 1805 nam,
428 1751 543 1806 quod
579 1751 642 1792 ita
679 1749 897 1792 consuesti
936 1762 1015 1803 pro
1058 1746 1208 1789 amicis
1252 1746 1470 1797 laborare,
1513 1760 1599 1787 non
1636 1745 1722 1786 iam
1761 1746 1821 1787 sic

123 1825 298 1878 sperant
336 1821 412 1864 abs
451 1824 513 1878 te,
557 1822 629 1863 sed
668 1821 800 1863 etiam
839 1820 900 1862 sic
937 1820 1154 1874 imperant
1192 1817 1273 1858 tibi
1313 1817 1558 1858 familiares.
1621 1817 1732 1870 quod
1771 1816 1822 1857 ad

122 1893 283 1934 librum
314 1893 488 1947 attinet,
521 1907 647 1947 quem
679 1892 761 1933 tibi
792 1891 908 1933 filius
940 1890 1078 1944 dabit,
1110 1892 1210 1944 peto
1243 1904 1267 1930 a
1299 1891 1361 1942 te,
1392 1903 1445 1930 ne
1478 1890 1617 1938 exeat,
1657 1890 1731 1928 aut
1761 1887 1823 1928 ita

123 1964 334 2021 corrigas,
364 1979 418 2006 ne
451 1964 559 2006 mihi
589 1966 753 2006 noceat.

70 2102 104 2128 25
818 2080 938 2124 vm.
989 2078 1125 2136 (243.)

691 2175 904 2220 CICERO
948 2173 1257 2218 CAECINAE.

243 2259 353 2303 Cum
385 2263 499 2304 esset
530 2275 697 2303 mecum
729 2259 911 2316 Largus,
941 2258 1071 2300 homo
1103 2257 1169 2298 tui
1201 2256 1441 2309 studiosus,
1473 2255 1644 2296 locutus
1678 2254 1727 2295 Κ.
1762 2255 1821 2296 Ia·
1851 2267 1865 2295 1

124 2333 296 2374 nuarias
322 2333 404 2374 tibi
429 2332 680 2387 praefinitas
708 2345 814 2386 esse,
846 2330 960 2385 quod
993 2327 1192 2370 omnibus
1220 2326 1346 2367 rebus
1372 2339 1684 2380 perspexeram,
1717 2338 1823 2378 quae

125 2403 289 2445 Balbus
322 2406 366 2445 et
393 2402 558 2459 Oppius
591 2403 768 2445 absente
798 2399 981 2443 Caesare
1015 2399 1215 2454 egissent,
1248 2411 1297 2438 ea
1329 2396 1465 2437 solere
1497 2395 1560 2436 illi
1594 2398 1688 2435 rata
1720 2409 1825 2448 esse,

73 2493 108 2518 30
128 2474 197 2530 egi
228 2474 504 2517 vehementer
536 2489 633 2517 cum
665 2474 740 2529 eis,
771 2475 820 2515 ut
851 2472 933 2513 hoc
966 2470 1072 2512 mihi
1105 2469 1268 2520 darent,
1303 2467 1385 2507 tibi
1418 2466 1460 2507 in
1494 2465 1653 2519 Sicilia,
1686 2464 1824 2518 quoad

125 2545 351 2601 vellemus,
383 2560 475 2587 esse
507 2546 573 2587 uti
603 2545 766 2587 liceret.
828 2543 902 2597 qui
933 2541 1040 2582 mihi
1073 2540 1353 2581 consuessent
1384 2539 1458 2577 aut
1489 2537 1672 2577 libenter
1703 2535 1825 2589 polli-

222 2665 275 2697 ·1.
308 2661 444 2697 sentire
474 2662 663 2697 nonnullis
696 2664 898 2705 suspectum
928 2659 940 2702 11
970 2654 1171 2691 0310101113Ι
1210 2682 1218 2698 ,
1257 2657 1276 2687 2
1305 2653 1372 2687 litt.
1399 2663 1487 2687 eras.
1516 2653 1556 2704 in¹
1580 2652 1651 2694 fine
1675 2661 1737 2693 vs„
1768 2650 1823 2694 M,

126 2708 361 2754 calupniator
385 2709 421 2745 R
439 2711 451 2754 ΙΙ
470 2708 615 2743 timoris
642 2720 707 2743 om.
732 2708 785 2743 G¹
812 2708 823 2751 ΙΙ
849 2710 880 2740 3.
909 2705 939 2739 31
967 2703 1063 2750 (tu)
1088 2701 1208 2735 minus
1238 2701 1448 2745 Ῑ1’030)ιῦον9
1473 2701 1485 2743 ΙΙ
1509 2710 1630 2753 nunus
1657 2698 1693 2750 R
1719 2697 1782 2741 (Μ
1786 2700 1823 2741 r),

125 2756 236 2791 minis
262 2757 343 2792 MG
363 2758 374 2802 ΙΙ
394 2760 424 2791 6.
453 2756 615 2791 auferret
640 2756 694 2800 M,
722 2754 870 2789 offerret
897 2752 968 2787 GR
993 2753 1005 2795 ΙΙ
1032 2756 1062 2783 ὅ.
1091 2759 1235 2782 summa
1260 2747 1373 2793 (me)
1399 2758 1433 2781 n.
1461 2747 1525 2781 alze
1548 2748 1609 2790 119,
1638 2743 1742 2779 mdes
1768 2745 1823 2786 M,

126 2803 258 2838 uideas
287 2803 358 2840 GR
377 2805 389 2849 ΙΙ
409 2807 462 2839 14,
490 2803 663 2848 capiatur
687 2814 731 2837 eoe
757 2800 927 2845 copiatur
951 2799 1016 2839 R',
1043 2808 1107 2830 om.
1137 2796 1168 2831 6
1189 2797 1200 2839 ΙΙ
1220 2795 1257 2828 et
1281 2805 1346 2838 per
1370 2795 1406 2827 te
1430 2814 1467 2817 ψ
1494 2796 1546 2827 15.
1575 2792 1825 2845 perducantur

126 2852 168 2885 in
192 2863 261 2897 my.
286 2851 347 2886 R²
377 2853 389 2896 ΙΙ
421 2854 476 2886 15.
503 2850 644 2886 exitum
669 2850 767 2892 MG,
803 2848 972 2881 effectum
997 2844 1033 2878 R
1065 2846 1076 2886 Η
1107 2844 1164 2876 est
1194 2854 1272 2885 sup.
1309 2852 1356 2875 1-3.
1384 2840 1486 2893 ΒᾞΙ
1515 2840 1562 2874 ad
1597 2841 1690 2891 0103]
1725 2838 1823 2891 apud

128 2897 206 2933 eius
232 2909 265 2943 ς,
290 2900 484 2934 inutiliter.
516 2899 563 2942 cf.
589 2909 620 2933 v.
647 2909 674 2932 c.
704 2897 784 2930 Liv.
812 2894 872 2937 Vl,
895 2896 949 2936 34,
971 2896 1015 2926 ὃς
1049 2888 1227 2934 ‘potentis
1254 2888 1322 2922 viri
1349 2899 1431 2921 cum
1457 2888 1554 2921 mter
1579 2898 1635 2920 sui
1661 2896 1824 2930 corporls

126 2944 294 2980 homines
325 2946 406 2980 tum
442 2945 554 2980 etiam
589 2944 634 2978 ad
668 2942 834 2988 plebcm’
870 2943 881 2985 ΙΙ
915 2943 966 2974 16.
1001 2937 1031 2972 31
1064 2949 1129 2971 om.
1161 2936 1198 2971 R
1229 2938 1241 2980 ll
1272 2946 1345 2969 non
1376 2946 1454 2969 cum
1487 2935 1604 2978 spatio
1637 2936 1728 2966 2—-3
1755 2933 1823 2967 litt.

128 3003 193 3027 om.
220 2993 257 3028 R
287 2994 300 3037 ΙΙ
329 2992 399 3027 hoc
431 3004 497 3027 cm.
526 2993 558 3027 G
596 2994 608 3036 ll
647 2994 699 3024 17.
733 2989 771 3023 id
803 2987 842 3022 id
874 2988 910 3022 R
946 2988 958 3030 ΙΙ
997 2990 1050 3019 1⁷5.
1083 2985 1195 3036 toun.
1220 2994 1284 3035 ⁰3¹²:
1310 2983 1352 3034 ’6
1384 2984 1395 3025 ΙΙ
1426 2992 1504 3033 esse
1538 2981 1600 3024 M,
1634 2981 1691 3014 est
1722 2980 1794 3015 GR
1814 2981 1825 3024 j}

130 3042 184 3075 19.
210 3039 399 3074 miseriam
424 3040 479 3084 R,
511 3037 670 3073 miseriis
698 3037 731 3072 G
763 3038 775 3079 Η
805 3035 843 3068 in
876 3032 1043 3068 amicitia
1075 3042 1113 3074 ς,
1145 3030 1343 3081 mlmicitla
1375 3030 1409 3062 Ω.
1439 3030 1450 3073 ΙΙ
1481 3027 1735 3072 unprudenter
1761 3027 1816 3070 G?

129 3089 184 3121 21.
223 3086 411 3121 consuesti
448 3087 509 3130 M,
547 3083 733 3120 consueris
765 3082 818 3125 R,
867 3079 1051 3116 censueris
1092 3078 1125 3113 G
1157 3079 1169 3122 ΙΙ
1199 3081 1254 3111 22.
1300 3087 1351 3110 310
1384 3088 1450 3110 om.
1491 3075 1523 3110 G
1555 3077 1566 3119 ΙΙ
1597 3078 1652 3110 24.
1690 3075 1824 3108 noceat

130 3132 215 3166 11310
242 3134 276 3169 6
295 3135 307 3178 ΙΙ
325 3138 380 3168 30.
407 3133 478 3179 eis]
504 3133 562 3167 his
589 3134 633 3175 Ω,
661 3131 705 3165 iis
732 3131 800 3163 alii
818 3131 830 3173 Η
849 3127 972 3172 quoad
1002 3125 1084 3169 GR,
1111 3124 1211 3168 quod
1236 3124 1280 3158 M
1297 3125 1309 3167 Η
1335 3127 1388 3156 31.
1419 3121 1558 3169 (cum)
1583 3122 1825 3156 consuessent

130 3180 307 3217 Streicher
332 3182 386 3225 (1).
410 3183 490 3225 187)
