2242 3496
377 153 463 195 304
973 146 1020 180 M.
1048 143 1190 178 TVLLI
1215 141 1465 178 CICERONIS

376 263 528 302 nostro
560 272 738 312 magnas
773 269 853 310 ago
881 253 1058 308 gratias,
1085 251 1199 305 quod
1231 253 1355 292 tuum
1387 263 1491 305 erga
1517 264 1584 291 1110
1612 250 1803 291 animum
1830 250 2071 305 simplicem

378 334 505 385 atque
539 329 721 370 amicum
754 324 922 378 aperuit
954 325 996 363 et
1029 321 1154 376 quod,
1187 335 1306 375 eum,
1339 335 1467 374 quem
1499 335 1668 375 semper
1699 321 1899 362 lubenter
1930 321 2072 375 dilexi,

379 416 462 455 quo
495 398 631 454 magis
671 398 760 437 iure
800 394 938 436 colere
978 395 1107 446 atque
1146 391 1375 432 observare
1414 391 1632 446 deberem,
1663 390 1777 432 fecit.
1839 391 1945 432 bene
1978 392 2071 433 vale

377 475 420 513 et
452 485 517 511 me
550 468 689 522 dilige.

1050 544 1205 587 XXIX.
1253 543 1393 600 (333.)
2111 561 2127 587 5

938 638 1151 683 CICERO
1186 638 1356 681 OPPIO
1391 638 1432 680 S.
1465 638 1515 680 D.

492 736 722 780 Dubitanti
766 735 873 777 milii
910 759 959 763 -«
995 735 1108 789 quod
1153 734 1235 775 scit
1272 733 1446 775 Atticus
1491 736 1640 775 noster
1672 759 1727 763 —
1760 735 1810 776 de
1855 735 1937 776 1100
1979 738 2073 777 toto

378 809 555 852 consilio
588 806 888 862 profectionis,
920 806 1033 860 quod
1072 805 1116 846 in
1154 808 1382 859 utramque
1420 807 1590 859 partem
1628 805 1672 846 in
1711 808 1900 847 mentem
1937 806 2076 848 multa

378 880 622 932 veniebant,
667 891 874 932 magnum
923 877 1090 931 pondus
1141 877 1324 918 accessit
1374 876 1427 917 ad
1477 875 1713 917 tollendam
1757 868 2075 919 dubitationem

377 950 580 992 iudiciuin
626 952 669 990 et
714 947 942 990 consilium
979 950 1121 1002 tuum3
1159 963 1260 988 nam
1299 949 1342 988 et
1380 947 1594 1001 scripsisti
1636 950 1801 1003 aperte,
1846 948 1947 1002 quid
1992 948 2075 989 tibi
2096 963 2129 988 10

377 1022 604 1074 videretur,
636 1022 679 1061 et
706 1019 880 1060 Atticus
915 1018 967 1059 ad
1001 1033 1067 1060 me
1101 1032 1343 1060 sermonem
1375 1021 1499 1059 tuum
1530 1018 1722 1072 pertulit.
1772 1033 1941 1073 semper
1971 1019 2077 1060 iudi-

375 1092 467 1135 cavi
499 1091 543 1132 in
574 1094 617 1132 te
650 1093 693 1131 et
723 1089 770 1130 in
802 1089 1007 1144 capiendo
1041 1089 1221 1131 consilio
1252 1089 1529 1144 prudentiam
1569 1104 1782 1130 summam
1821 1104 1914 1131 esse
1951 1092 1995 1131 et
2031 1090 2077 1131 in

376 1163 513 1205 dando
545 1161 686 1216 fidem,
717 1160 988 1215 maximeque
1021 1175 1117 1202 sum
1149 1163 1371 1215 expertus,
1404 1175 1500 1202 cum
1532 1159 1659 1201 initio
1693 1160 1831 1202 civilis
1863 1160 1969 1202 belli
2000 1175 2076 1215 per

374 1235 544 1276 litteras
582 1235 625 1274 te
664 1231 997 1287 consuluissem,
1030 1231 1133 1285 quid
1171 1231 1277 1272 mihi
1314 1230 1559 1272 faciendum
1599 1245 1692 1272 esse
1734 1245 1946 1286 censeres,
1978 1246 2076 1273 eun-

375 1306 528 1346 dumne
573 1303 626 1344 ad
667 1301 922 1357 Pompeium
967 1317 1022 1344 an
1065 1302 1324 1343 manendum
1367 1302 1413 1343 in
1456 1301 1602 1343 Italia:
1648 1302 1842 1357 suasisti,
1886 1305 1936 1344 ut
1980 1317 2077 1344 0011-
2097 1317 2130 1342 15

375 1377 560 1418 sulerem
604 1372 809 1429 dignitati
853 1388 991 1429 meae,
1035 1388 1086 1414 ex
1131 1387 1234 1428 (1110,
1275 1372 1377 1427 quid
1416 1373 1618 1428 sentires,
1654 1373 1849 1414 intellexi
1895 1376 1938 1415 et
1981 1388 2078 1415 sum

376 1446 612 1488 admiratus
645 1445 773 1486 fidem
805 1447 925 1485 tuam
958 1447 1001 1485 et
1038 1444 1083 1485 in
1116 1443 1296 1486 consilio
1330 1443 1468 1485 dando
1507 1444 1780 1499 religionem,
1813 1444 1947 1499 quod,
1979 1459 2076 1487 cum

376 1517 492 1560 aliud
535 1516 663 1558 malle
709 1515 1020 1557 amicissimum
1070 1518 1193 1557 tuum
1242 1521 1434 1570 putares,
1480 1514 1700 1569 antiquius
1750 1515 1833 1557 tibi
1883 1515 2076 1558 officium

375 1604 517 1630 meum
550 1603 678 1642 quam
710 1586 827 1628 illius
860 1587 1060 1628 voluntas
1092 1586 1186 1628 fuit.
1249 1585 1446 1640 equidem
1484 1588 1527 1627 et
1566 1588 1665 1627 ante
1702 1586 1785 1628 hoc
1824 1589 1996 1641 tempus
2034 1588 2077 1627 te

375 1660 504 1701 dilexi
536 1662 580 1701 et
613 1673 781 1713 semper
813 1673 880 1699 me
913 1673 938 1699 a
969 1660 1011 1699 te
1053 1657 1177 1713 diligi
1214 1657 1346 1698 sensi:
1393 1659 1454 1711 et,
1493 1671 1590 1698 cum
1628 1657 1824 1699 abessem
1867 1660 1996 1712 atque
2033 1657 2079 1698 in
2099 1673 2133 1698 20

375 1730 544 1787 magnis
576 1729 779 1785 periculis
819 1743 975 1784 essem,
1013 1731 1057 1770 et
1095 1743 1162 1770 me
1202 1728 1425 1769 absentem
1464 1731 1507 1769 et
1545 1742 1663 1769 meos
1700 1727 1940 1782 praesentis
1980 1742 2005 1769 a
2036 1730 2079 1769 te

377 1803 513 1844 cultos
547 1804 590 1843 et
621 1800 818 1843 defensos
852 1814 944 1841 esse
978 1799 1152 1840 memini
1188 1801 1231 1839 et
1263 1801 1361 1852 post
1393 1812 1535 1839 meum
1569 1798 1767 1852 reditum,
1793 1813 1924 1853 quam
1955 1797 2079 1839 fami-

376 1873 543 1915 liariter
574 1887 742 1914 mecum
774 1872 950 1926 vixeris,
983 1884 1176 1925 quaeque
1214 1883 1295 1925 ego
1334 1870 1385 1910 de
1423 1872 1466 1910 te
1505 1872 1548 1911 et
1586 1869 1794 1910 senserim
1833 1871 1877 1910 et
1916 1869 2082 1923 praedi-

378 1944 523 1998 carim,
557 1958 717 1997 omnes,
750 1943 824 1998 qui
857 1943 999 1984 solent
1030 1942 1135 1983 haec
1168 1941 1528 1995 animadvertere,
1561 1940 1687 1981 testis
1719 1940 1949 1995 habemus3
1987 1954 2082 1994 gra·
2141 1950 2157 1969 -·

377 2015 602 2057 vissimum
628 2029 729 2056 vero
762 2014 969 2055 iudicium
1002 2013 1052 2054 de
1086 2026 1180 2053 mea
1210 2011 1293 2052 fide
1327 2013 1370 2052 et
1402 2011 1649 2053 constantia
1673 2010 1830 2066 fecisti,
1857 2026 1954 2053 cum
1979 2013 2081 2066 post
2100 2027 2135 2053 25

378 2089 561 2128 mortem
605 2085 800 2128 Caesaris
844 2087 987 2126 totum
1031 2086 1073 2125 te
1118 2083 1171 2124 ad
1216 2082 1454 2124 amicitiam
1496 2097 1636 2124 meam
1683 2081 1927 2138 contulisti,
1967 2082 2083 2137 quod

379 2161 502 2199 tuum
532 2157 739 2199 iudicium
779 2155 864 2197 nisi
902 2170 997 2197 mea
1036 2169 1204 2196 summa
1241 2153 1535 2195 benivolentia
1572 2167 1676 2209 erga
1712 2155 1756 2194 te
1795 2153 2082 2208 omnibusque

379 2228 545 2270 meritis
578 2227 882 2282 comprobaro,
913 2226 1005 2281 ipse
1039 2240 1106 2266 me
1143 2224 1365 2266 hominem
1401 2238 1489 2266 non
1520 2223 1696 2278 putabo.
1758 2225 1825 2279 tn,
1864 2223 1925 2265 mi
1957 2223 2082 2279 Oppi,

382 2299 656 2342 conservabis
689 2312 880 2340 amorem
911 2299 1036 2338 tuum
1067 2320 1126 2326 ——
1157 2295 1240 2337 etsi
1272 2309 1390 2337 more
1422 2294 1561 2351 magis
1600 2294 1682 2336 hoc
1715 2293 1887 2349 quidem
1926 2294 2082 2350 scribo,

381 2386 509 2426 quam
541 2385 625 2426 quo
658 2373 701 2411 te
734 2368 1050 2411 admouendum
1082 2370 1231 2422 putem
1269 2391 1317 2396 —-
1352 2381 1532 2421 meaque
1565 2365 1712 2407 omnia
1743 2365 1937 2406 tuebere:
1973 2380 2082 2420 quae
2102 2384 2137 2410 30

380 2442 462 2482 tibi
492 2456 545 2483 ne
582 2442 736 2497 ignota
775 2442 938 2494 essent,
970 2439 1119 2481 Attico
1158 2437 1377 2493 mandavi3
1415 2453 1440 2479 a
1477 2452 1544 2478 me
1584 2439 1731 2478 autem
1772 2450 1870 2478 cum
1905 2437 2084 2491 paulum

386 2513 466 2554 otii
508 2512 625 2554 nacti
670 2512 847 2566 erimus,
890 2509 1112 2552 uberiores
1150 2510 1322 2551 litteras
1367 2510 1628 2563 exspectatO.
1689 2506 1758 2549 Da
1803 2522 1998 2564 operam,
2034 2510 2084 2549 ut

382 2584 542 2624 valeas:
574 2582 655 2624 1100
688 2582 794 2623 1111111
828 2582 995 2638 gratius
1027 2581 1167 2623 facere
1199 2579 1310 2621 nihil
1340 2582 1478 2634 potes.

501 2703 531 2734 2.
558 2699 729 2733 lubenter
755 2699 814 2742 M,
846 2710 911 2734 om.
940 2698 1020 2732 HD
1051 2699 1062 2742 ΙΙ
1094 2700 1124 2732 5.
1151 2698 1245 2732 hanc
1271 2708 1322 2741 ep.
1351 2708 1416 2731 om.
1442 2696 1491 2730 D.
1530 2708 1561 2730 v.
1583 2695 1704 2740 praef.
1731 2695 1883 2740 (habent
1909 2695 2082 2730 contami-

382 2748 475 2792 nati)
495 2748 506 2790 Η
527 2750 580 2781 14.
608 2746 699 2790 quid
724 2747 785 2790 M,
812 2746 912 2790 quod
937 2746 982 2780 H
1002 2748 1013 2790 Η
1040 2749 1093 2780 18.
1123 2744 1218 2779 aliut
1242 2743 1395 2778 mallem
1420 2743 1470 2777 M
1488 2745 1499 2786 [Ι
1525 2746 1579 2777 23.
1608 2743 1646 2776 et
1672 2742 1852 2777 senserim
1876 2741 1936 2786 M,
1963 2752 2085 2776 sense-

384 2828 453 2862 rim
473 2829 517 2864 H
533 2831 543 2873 ΙΙ
563 2832 618 2864 25.
646 2830 683 2863 et
704 2805 932 2872 {onstantia
953 2828 997 2862 de
1012 2840 1092 2863 am.
1110 2832 1141 2868 1,
1162 2828 1212 2870 Η,
1234 2828 1272 2861 et
1286 2826 1331 2861 de
1351 2824 1564 2860 constantia
1578 2825 1628 2859 M
1641 2826 1652 2869 {l
1672 2828 1727 2860 26.
1748 2824 1886 2870 totum]
1908 2824 1946 2876 et
1963 2825 2086 2858 totum

386 2876 475 2910 ΜΗ
489 2879 500 2920 [1
520 2879 575 2911 28.
602 2876 680 2921 ipse
706 2887 765 2910 me
790 2875 978 2910 hominem
1003 2886 1078 2909 non
1103 2875 1158 2918 M,
1185 2874 1265 2919 ipse
1291 2873 1479 2908 hominem
1504 2883 1563 2906 me
1588 2883 1663 2906 non
1684 2872 1727 2906 H
1740 2873 1752 2915 ΙΙ
1772 2874 1827 2906 29.
1854 2872 1926 2905 etsi
1945 2882 2086 2906 morem

388 2923 467 2967 agis
494 2924 554 2966 M,
592 2923 662 2958 etsi
695 2934 819 2958 amore
851 2922 971 2967 magis
998 2923 1042 2956 H
1069 2924 1080 2967 Η
1112 2926 1166 2956 31.
1193 2933 1239 2955 110
1265 2933 1330 2957 om.
1358 2921 1403 2955 H
1431 2922 1441 2965 ΙΙ
1473 2923 1528 2954 32.
1555 2917 1737 2953 uberioris
1765 2919 1812 2952 M
1841 2919 1853 2962 Η
1883 2921 1939 2953 33.
1965 2920 2083 2963 potes

386 2969 434 3004 M.
455 2970 595 3004 TVLLI
623 2969 872 3005 CICERONIS
906 2969 1248 3003 EPISTVLARVM
1278 2969 1344 3002 AD
1375 2966 1579 3002 BRVTVM
1609 2965 1671 2999 ET
1703 2964 1918 3000 CETEROS
1950 2965 2084 3001 EXPL.

387 3016 477 3051 INC.
504 3018 569 3051 AD
596 3018 632 3052 [¹.
655 3017 859 3052 CASSIVM
884 3016 945 3050 ET
972 3015 1072 3051 CET.
1099 3015 1351 3050 FELICITER
1376 3015 1439 3058 M,
1464 3018 1497 3049 et
1520 3015 1572 3048 sic
1596 3013 1670 3056 fere
1695 3012 1741 3046 H
