2242 3496
122 1073 155 1097 10

121 1426 152 1451 15

119 1783 153 1807 20

120 2207 153 2232 25

119 2618 153 2643 30

688 195 1023 231 EPISTVLAHVM
1054 197 1127 233 XV.
1159 203 1210 232 19.
1239 202 1292 233 20.
1321 203 1375 232 231.
1792 201 1877 241 423

183 302 371 344 sollicito
404 303 547 344 animo
581 319 633 344 an
667 304 808 345 soluto
844 305 980 359 legas!
1044 306 1177 348 sciam
1209 307 1322 347 enim
1355 306 1503 348 codem
1538 310 1743 362 temporo,
1776 309 1875 362 quid

182 387 248 414 me
288 374 425 414 facere
466 377 674 428 oporteat.
728 390 780 416 ne
819 375 988 431 longior
1026 377 1125 431 sim,
1164 378 1267 419 vale.
1320 392 1404 431 me,
1443 381 1491 419 ut
1523 377 1649 432 facis,
1682 393 1789 419 aina.
1841 380 1876 420 si

183 440 341 485 Caesar
374 444 488 498 vicit,
521 445 716 487 celeriter
749 461 815 487 me
849 450 1058 501 exspecta.
1245 473 1265 486 .

895 587 983 629 xx.
1028 587 1165 643 (33:24.)

587 681 641 721 M.
675 680 888 723 ClCERO
925 681 964 722 s
999 681 1047 723 D.
1081 681 1125 724 c.
1158 682 1471 726 TssnssoNio.

297 775 569 817 ‘Oratorem'
597 791 738 817 meum
763 800 811 804 —
836 776 896 817 sic
930 776 1042 817 enim
1071 776 1271 831 inscripsi
1297 802 1344 807 —
1372 776 1532 820 Sabino
1561 783 1634 822 tuo
1664 794 1876 822 commen-

177 846 290 888 davi:
329 846 448 888 natio
488 861 554 887 me
592 846 780 887 hominis
820 846 1012 901 impulit,
1051 850 1099 888 ut
1138 847 1199 888 rei
1238 851 1352 890 recte
1391 852 1609 905 putarem,
1648 851 1729 892 nisi
1764 852 1874 893 forte

177 917 502 959 candidatorum
540 916 716 958 licentia
753 917 822 959 hic
862 932 1032 972 quoque
1071 932 1173 959 usus
1208 918 1291 959 hoc
1323 919 1468 961 subito
1503 935 1741 975 cognomen
1774 922 1875 963 arri-

175 987 288 1042 puit,
320 987 402 1028 etsi
435 987 654 1028 modestus
688 987 778 1028 eius
812 988 956 1028 vultus
990 1002 1214 1042 sermoque
1248 992 1451 1031 constans
1484 991 1642 1033 habere
1673 992 1874 1046 quiddam

175 1073 199 1100 a
225 1057 410 1100 Curibus
444 1058 687 1113 videbatur,
720 1058 792 1099 sed
825 1058 874 1099 de
903 1057 1063 1100 Sabino
1090 1058 1208 1100 satis.
1261 1062 1320 1113 tu,
1353 1061 1412 1101 mi
1438 1060 1637 1116 Treboni,
1672 1063 1874 1116 quoniam
1902 1076 1920 1103 ι

174 1129 227 1171 ad
259 1143 449 1171 amorem
482 1143 623 1170 meum
657 1129 928 1183 aliquantum
961 1130 990 1184 ·1·
1024 1129 1129 1170 olim
1162 1130 1382 1172 discedens
1413 1132 1628 1187 addidisti,
1661 1148 1744 1187 quo
1772 1135 1875 1176 tolc-

174 1200 353 1242 rabilius
379 1199 566 1242 feramus
594 1199 831 1255 igniculum
859 1200 1059 1242 desiderii
1079 1201 1155 1255 tui,
1183 1201 1344 1243 crebris
1363 1217 1442 1244 nos
1464 1203 1623 1245 litteris
1646 1204 1875 1260 appellato,

174 1274 302 1326 atque
335 1271 413 1326 ita,
447 1271 482 1313 si
514 1271 628 1312 idem
659 1271 733 1312 fiet
766 1287 790 1312 a
821 1272 957 1313 nobis.
1022 1286 1284 1327 quamquam
1317 1273 1422 1314 duae
1456 1288 1608 1316 causae
1643 1278 1762 1329 sunt,
1801 1290 1875 1317 cur

174 1346 220 1383 tu
252 1341 517 1397 frequentior
550 1342 593 1383 in
625 1342 710 1383 isto
745 1342 888 1384 officio
921 1357 1013 1384 esse
1046 1343 1200 1384 debeas
1236 1358 1364 1398 quam
1396 1359 1493 1386 nos:
1528 1345 1728 1400 primum,
1762 1347 1873 1401 quod

173 1413 278 1454 olim
316 1412 530 1467 solebant,
570 1413 643 1467 qui
677 1413 838 1454 Romae
879 1416 1018 1468 erant,
1058 1413 1110 1455 ad
1148 1413 1426 1468 provincialis
1469 1416 1630 1458 amicos
1669 1417 1719 1458 de
1756 1431 1800 1458 re
1833 1433 1872 1472 p.

172 1484 371 1539 scribere,
401 1499 514 1525 nunc
546 1487 594 1526 tu
625 1484 750 1526 nobis
784 1484 947 1526 scribas
982 1488 1155 1539 oportet
1186 1510 1234 1514 —
1265 1501 1331 1527 res
1366 1486 1480 1527 enim
1511 1502 1549 1541 p.
1582 1487 1683 1529 istic
1712 1490 1779 1529 est
1809 1505 1874 1543 —3

172 1554 333 1609 deinde,
366 1555 478 1610 quod
510 1569 588 1596 nos
621 1554 717 1596 aliis
752 1555 904 1597 officiis
939 1555 1020 1596 tibi
1053 1556 1221 1597 absenti
1249 1556 1356 1598 satis
1382 1556 1521 1599 facere
1548 1572 1791 1613 possumus,
1824 1561 1873 1600 tu

171 1625 297 1667 nobis
334 1625 419 1667 nisi
456 1626 615 1667 litteris
653 1641 740 1668 non
777 1626 899 1667 video
939 1640 1023 1680 qua
1061 1641 1105 1668 re
1144 1627 1229 1668 alia
1267 1615 1553 1669 satisfacere
1585 1629 1736 1683 possis.
1800 1630 1906 1671 sed·

173 1699 316 1738 cetera
354 1695 516 1738 scribes
556 1697 608 1738 ad
646 1711 724 1738 nos
762 1699 932 1752 postea,
969 1712 1082 1739 nunc
1121 1698 1225 1740 haec
1257 1699 1399 1752 primo
1436 1699 1561 1753 cupio
1595 1714 1872 1755 cognoscere:

172 1767 254 1809 iter
297 1770 419 1808 tuum
464 1767 704 1810 cuiusmodi
751 1767 826 1823 sit,
869 1768 944 1809 ubi
982 1767 1167 1809 Brutum
1211 1771 1409 1810 nostrum
1449 1770 1623 1825 videris,
1669 1772 1872 1826 quamdiu

173 1838 301 1880 simul
333 1838 486 1894 fueris3
517 1839 686 1893 deinde,
719 1853 815 1880 cum
847 1839 1109 1893 processeris
1142 1840 1329 1895 longius,
1362 1840 1411 1881 de
1444 1840 1610 1882 bellicis
1644 1841 1790 1897 rebus,
1822 1842 1872 1883 de

173 1911 267 1951 toto
299 1909 489 1964 negotio,
520 1912 570 1951 ut
601 1909 848 1951 existimare
880 1910 1110 1964 possimus,
1144 1925 1228 1965 quo
1262 1913 1379 1952 statu
1407 1911 1559 1952 simus:
1592 1926 1672 1967 ego
1699 1914 1870 1954 tantum

173 1994 239 2021 nie
272 1979 380 2022 scire
412 1980 589 2035 putabo,
621 1982 831 2034 quantum
864 1995 914 2022 ex
947 1980 1034 2022 tuis
1066 1981 1225 2022 litteris
1257 1981 1427 2023 habebo
1461 1982 1698 2038 cognitum.
1758 1998 1872 2038 cura,

173 2053 222 2092 ut
252 2051 395 2092 valeas
429 2065 580 2105 meque
614 2065 730 2092 ames
763 2065 908 2092 amore
940 2051 1016 2092 illo
1049 2054 1125 2093 tuo
1159 2051 1382 2108 singulari.

873 2191 987 2234 XXI.
1031 2190 1170 2249 (185.)

579 2286 635 2327 M.
668 2283 881 2328 cicERo
918 2285 959 2328 s.
991 2285 1043 2328 D.
1076 2285 1121 2329 c.
1153 2286 1464 2329 TREBONIO.

289 2381 349 2423 Et
393 2380 623 2436 epistulam
665 2383 784 2421 tuam
822 2380 909 2435 legi
947 2380 1133 2422 libenter
1171 2384 1213 2423 et
1251 2382 1409 2424 librum
1447 2382 1752 2438 libentissime3
1799 2385 1871 2426 sed

171 2456 316 2494 tamen
347 2452 391 2493 in
424 2467 472 2493 ea
505 2452 726 2506 voluptate
758 2451 871 2493 hunc
904 2451 1047 2506 accepi
1080 2452 1283 2508 dolorem,
1318 2453 1444 2509 quod,
1476 2469 1573 2495 cum
1605 2455 1869 2496 incendisses

172 2523 453 2578 cupiditatem
487 2537 626 2564 meam
659 2522 980 2564 consuetudinis
1014 2523 1231 2578 augendae
1264 2527 1439 2567 nostrae
1464 2550 1523 2554 —
1547 2540 1648 2567 nam
1679 2526 1731 2567 ad
1758 2540 1871 2568 amo-

173 2609 262 2636 rem
296 2594 467 2648 quidem
498 2593 606 2634 nihil
640 2595 810 2647 poterat
843 2593 1041 2634 accedere
1078 2618 1145 2650 -—,
1174 2597 1267 2636 tum
1300 2595 1481 2638 discedis
1515 2611 1539 2637 a
1567 2596 1692 2638 nobis
1719 2611 1870 2651 meque

291 2725 321 2756 2.
348 2720 432 2755 uale
451 2731 582 2764 meque
610 2731 629 2757 ς
650 2722 661 2764 11
681 2724 712 2755 5.
735 2719 772 2754 C.
794 2731 858 2755 om.
884 2720 1003 2755 FHD
1021 2722 1032 2765 11
1053 2725 1072 2755 6
1093 2734 1140 2766 sq.
1163 2724 1207 2765 cf.
1229 2723 1406 2759 Be'icheler
1425 2735 1513 2758 mus.
1534 2724 1651 2759 Rhen.
1672 2723 1869 2759 XXXVIII.

173 2772 274 2804 1883.
297 2780 335 2813 p.
358 2771 425 2802 518
457 2770 468 2812 11
500 2771 530 2802 8.
559 2767 840 2802 candidatorem
867 2767 946 2801 1⁶11
977 2769 989 2812 11
1022 2772 1074 2803 10.
1103 2780 1125 2802 a
1150 2769 1299 2805 curibus
1326 2771 1427 2814 MD,
1455 2781 1477 2805 a
1504 2771 1736 2805 curatoribus
1764 2772 1844 2806 FH
1861 2773 1872 2818 11

171 2815 222 2850 mi
247 2815 394 2850 treboni
421 2815 515 2859 MD,
542 2814 688 2849 mittere
714 2813 803 2848 boni
828 2814 909 2848 FH
926 2816 937 2858 11
959 2819 1012 2850 11.
1038 2826 1161 2850 meum
1187 2817 1288 2859 MD,
1313 2819 1477 2852 nostrum
1509 2818 1590 2853 FII
1605 2819 1616 2863 11
1637 2817 1871 2861 aliquantum

172 2862 332 2909 olim]-a.
353 2862 426 2897 olei
447 2862 496 2897 H.
517 2862 563 2896 A.
587 2862 689 2896 Koch
709 2863 810 2905 (mus.
832 2862 948 2896 Rhea.
969 2862 1036 2895 XII
1052 2875 1089 2907 2).
1111 2865 1193 2908 270)
1212 2868 1245 2898 ct
1265 2865 1410 2899 Krauss
1429 2866 1455 2910 (‘
1469 2865 1540 2900 050.
1567 2877 1618 2909 ep.
1640 2877 1702 2900 cm.
1716 2866 1724 2881 '
1749 2877 1782 2910 p.
1799 2867 1869 2909 35),

171 2915 262 2945 recte
289 2914 380 2955 puto
413 2911 471 2954 (cf.
503 2909 583 2943 Otto
611 2909 801 2953 ‘Sprichw
835 2910 868 2943 cl.
896 2909 1048 2944 Ramer’
1071 2921 1109 2954 p.
1138 2913 1233 2955 253),
1261 2911 1535 2955 aliquantulum
1563 2913 1769 2956 Manutius,
1803 2912 1870 2947 ali-

173 2958 371 3001 quantum,
404 2958 514 2991 deleto
539 2968 570 2991 υ.
598 2955 703 2998 olim,
738 2956 806 2990 alii
830 2957 842 2999 11
868 2959 921 2990 17.
951 2960 1005 2991 18.
1032 2957 1071 2990 tu
1099 2956 1206 2991 nobis
1232 2958 1332 3001 MD,
1365 2960 1453 2992 tunc
1479 2958 1537 2992 his
1565 2959 1647 2993 1³1!
1661 2960 1672 3004 11
1695 2962 1747 2995 18.
1775 2959 1870 2994 alias

173 3003 266 3038 satis
291 3004 339 3038 M
353 3005 365 3049 11
386 3007 439 3038 19.
468 3003 516 3038 ad
541 3014 607 3037 nos
635 3002 773 3037 scribes
799 3003 839 3036 11
858 3004 869 3046 11
888 3001 1006 3047 primo
1032 3004 1086 3046 M,
1112 3003 1234 3048 prima
1261 3006 1394 3049 FHD,
1423 3007 1506 3040 bene
1525 3007 1536 3050 11
1556 3010 1611 3040 20.
1638 3005 1718 3052 ubi]
1745 3007 1870 3041 utrum

173 3052 215 3085 H
232 3051 319 3095 1123.
352 3050 445 3085 scire
477 3061 535 3084 me
562 3050 605 3084 H
626 3051 637 3093 11
664 3049 783 3084 habco
799 3050 913 3084 .H¹D
939 3051 950 3094 11
976 3053 1030 3084 27.
1058 3050 1228 3086 lubenter
1255 3052 1338 3087 ΓΗ
1359 3054 1370 3097 11
1396 3052 1634 3087 libentissimi
1660 3053 1714 3097 M,
1741 3053 1869 3088 luben-

172 3097 316 3132 tissime
342 3098 421 3133 FH
439 3099 525 3143 1128.
552 3096 780 3132 incendisses
808 3096 900 3140 MD,
929 3097 1160 3133 accendisses
1184 3099 1265 3133 FH
1287 3101 1346 3144 (ex
1371 3099 1577 3145 accepisses
1604 3100 1677 3145 H1)
1697 3102 1709 3146 11
1729 3104 1784 3137 30.
1811 3112 1869 3136 ac-

173 3144 304 3179 cedere
330 3156 374 3180 ea:
400 3155 527 3180 accere
552 3144 613 3180 Ml
639 3145 692 3180 vel
717 3145 784 3179 Me
