2242 3496
326 1034 345 1064 ΚΟ

379 163 464 204 356
971 157 1019 190 M.
1047 153 1187 189 TVLLI
1213 151 1462 187 CICERONIS

1049 307 1207 350 XXIV.
1253 306 1390 363 (258.)

955 412 1165 456 CICERO
1201 411 1415 455 SERVIO
1450 411 1489 454 s.

495 528 600 568 Cum
633 527 759 565 antea
792 521 1012 576 capiebam
1046 534 1095 560 ex
1128 518 1272 560 officio
1312 532 1407 560 meo
1447 518 1733 573 voluptatem,
1775 519 1889 573 quod
1927 519 2072 561 memi-

375 613 532 650 neram,
560 609 686 649 quam
714 593 794 634 tibi
821 592 1052 646 diligenter
1072 589 1301 644 Lysonem,
1327 588 1546 644 hospitem
1568 591 1612 630 et
1631 588 1891 631 familiarem
1917 605 2072 644 meum,

375 666 750 718 commendassem,
782 666 874 704 tum
906 675 1019 715 vero,
1052 663 1203 714 postea
1235 674 1365 714 quam
1392 674 1443 700 ex
1469 659 1630 701 litteris
1657 659 1747 701 eius
1778 659 1962 715 cognovi
1987 659 2071 702 tibi
2108 671 2124 698 5

374 753 468 780 eum
500 737 609 777 falso
643 736 890 789 suspectum
922 732 1077 785 fuisse,
1117 730 1495 772 vehementissime
1525 730 1714 772 laetatus
1755 745 1849 772 sum
1881 745 1949 772 me
1980 733 2073 772 tam

373 809 622 862 diligentem
654 805 698 846 in
731 819 779 845 eo
813 802 1149 845 commendando
1182 801 1334 856 fuisse3
1366 801 1430 842 ita
1456 801 1571 843 enim
1597 801 1772 855 scripsit
1799 801 1852 842 ad
1877 816 1958 856 me,
1988 801 2072 843 sibi
2121 853 2125 857 ὁ

373 893 510 920 meam
542 875 958 918 commendationem
990 872 1177 916 maximo
1212 871 1459 913 adiumento
1492 871 1637 926 fuisse,
1671 872 1785 926 quod
1811 872 1864 913 ad
1890 874 1933 913 te
1960 871 2072 913 dela-

372 953 463 990 tum
496 947 655 989 diceret
681 960 772 987 sese
801 947 952 986 contra
978 943 1238 998 dignitatem
1264 946 1382 985 tuam
1410 942 1575 984 Romae
1602 942 1652 984 de
1679 945 1722 983 te
1747 942 1868 997 loqui
1895 942 2073 984 solitum

373 1035 483 1074 esse,
515 1019 564 1060 de
599 1032 681 1072 quo
715 1016 797 1058 etsi
828 1030 906 1070 pro
939 1017 1014 1055 tua
1045 1013 1256 1055 facilitate
1289 1016 1332 1056 et
1359 1014 1630 1056 humanitate
1656 1015 1890 1069 purgatum
1917 1027 1961 1055 se
1987 1012 2071 1054 tibi
2093 1027 2126 1051 10

373 1090 523 1133 scribit
556 1102 665 1142 esse,
706 1090 854 1128 tamen
885 1084 1092 1140 primum,
1129 1087 1178 1125 ut
1210 1084 1363 1140 debeo,
1401 1084 1485 1126 tibi
1522 1084 1732 1126 maximas
1771 1084 1936 1140 gratias
1978 1097 2074 1139 ago,

371 1176 466 1204 cum
498 1162 668 1201 tantum
702 1157 875 1198 litterae
908 1170 1028 1197 meae
1060 1158 1309 1211 potuerunt,
1341 1157 1391 1197 ut
1423 1155 1483 1197 eis
1515 1155 1639 1197 lectis
1673 1170 1845 1197 omnem
1878 1153 2074 1197 offensio-

369 1247 467 1273 nem
493 1228 764 1284 suspicionis,
791 1242 920 1281 quam
945 1226 1159 1268 habueras
1186 1226 1236 1267 de
1262 1225 1445 1282 Lysone,
1472 1227 1720 1281 deponeres,
1746 1225 1897 1268 deinde
1925 1225 2073 1267 credas

370 1302 475 1344 mihi
513 1298 759 1342 adfirmanti
802 1297 931 1339 velim
969 1312 1036 1338 me
1074 1297 1156 1339 hoc
1193 1311 1281 1339 non
1317 1311 1397 1352 pro
1436 1296 1607 1352 Lysone
1650 1297 1789 1354 magis
1829 1311 1958 1352 quam
1994 1311 2073 1351 pro

371 1373 567 1414 omnibus
596 1370 794 1423 scribere,
825 1368 1046 1410 hominem
1080 1383 1171 1409 esse
1204 1368 1434 1423 neminem,
1467 1368 1541 1423 qui
1573 1383 1780 1424 umquam
1811 1367 2074 1410 mentionem
2095 1380 2128 1406 15

369 1443 433 1484 tui
466 1443 555 1484 sine
588 1445 663 1482 tua
696 1454 864 1482 summa
895 1439 1019 1480 laude
1061 1438 1230 1494 fecerit,
1274 1438 1390 1494 Lyso
1428 1454 1550 1496 vero,
1595 1454 1692 1482 cum
1733 1454 1902 1482 mecum
1938 1453 2074 1494 prope

371 1514 526 1556 cotidie
559 1514 671 1554 esset
703 1525 871 1565 unaque
905 1511 1085 1564 viveret,
1127 1524 1215 1552 non
1256 1510 1415 1565 solum,
1460 1511 1562 1565 quia
1599 1511 1786 1553 libenter
1822 1525 1889 1552 me
1929 1509 2075 1552 audire

370 1584 680 1636 arbitrabatur,
700 1581 799 1637 ‚sed
832 1581 934 1635 quia
964 1579 1171 1622 libentius
1210 1580 1302 1635 ipse
1344 1581 1626 1636 loquebatur,
1670 1578 1815 1623 omnia
1853 1580 1962 1623 mihi
1999 1583 2076 1622 tua

369 1658 411 1697 et
442 1655 558 1696 facta
590 1656 633 1694 et
665 1652 780 1693 dicta
811 1652 1028 1704 laudabat.
1086 1654 1373 1706 quapropter,
1416 1652 1500 1693 etsi
1532 1667 1558 1693 a
1588 1655 1636 1694 te
1662 1653 1726 1693 ita
1757 1654 1988 1707 tractatur,
2025 1655 2075 1693 ut

367 1727 451 1767 iam
483 1739 570 1766 non
601 1723 813 1765 desideret
846 1722 1265 1764 commendationem
1297 1737 1438 1764 meam
1471 1722 1654 1777 unisque
1687 1737 1731 1764 se
1762 1723 1924 1765 litteris
1966 1722 2074 1764 meis
2094 1735 2129 1761 20

368 1796 510 1837 omnia
543 1797 818 1836 consecutum
849 1796 992 1848 putet,
1030 1795 1177 1834 tamen
1208 1807 1233 1834 a
1264 1796 1308 1835 te
1339 1797 1441 1848 peto
1474 1794 1520 1835 in
1553 1794 1761 1836 maiorem
1793 1794 1986 1848 modum,
2023 1797 2073 1835 ut

367 1882 463 1909 eum
483 1866 614 1908 etiam
634 1868 762 1919 atque
783 1864 914 1906 etiam
935 1864 1021 1905 tuis
1043 1862 1197 1905 officiis
1217 1863 1482 1906 liberalitate
1503 1864 1786 1919 conplectare.
1834 1865 2068 1914 scriberem

368 1939 419 1979 ad
451 1941 511 1992 te,
551 1936 687 1991 qualis
719 1936 785 1977 vir
817 1938 947 1990 esset,
988 1937 1038 1976 ut
1071 1934 1366 1989 superioribus
1408 1935 1568 1977 litteris
1607 1936 1810 1990 feceram,
1852 1935 1937 1977 nisi
1977 1950 2074 1977 eum

369 2009 455 2050 iam
487 2023 562 2063 per
594 2022 637 2049 se
669 2008 811 2061 ipsum
843 2006 925 2047 tibi
958 2006 1063 2048 satis
1097 2020 1190 2048 esse
1221 2008 1376 2048 notum
1408 2007 1654 2049 arbitrarer.

1058 2170 1193 2214 XXV.
1243 2170 1379 2229 (259.)
2094 2184 2129 2210 25

951 2278 1164 2322 CICERO
1201 2278 1414 2321 SERVIO
1449 2278 1491 2321 S.

485 2387 776 2442 Hagesaretus
808 2385 1049 2439 Larisaeus,
1084 2385 1253 2441 magnis
1286 2386 1392 2427 meis
1425 2385 1645 2428 beneficiis
1680 2374 1935 2428 ornatusin
1967 2399 2064 2427 con-

367 2460 508 2500 sulatu
532 2474 639 2513 meo,
664 2472 827 2499 memor
852 2460 895 2498 et
921 2460 1072 2512 gratus
1098 2456 1182 2497 fuit
1208 2471 1360 2511 meque
1379 2460 1533 2512 postea
1553 2457 1884 2513 diligentissime
1905 2456 2060 2498 coluit:

369 2544 464 2571 eum
492 2529 574 2571 tibi
600 2543 858 2585 magnopere
885 2528 1150 2583 commendo,
1180 2530 1229 2568 ut
1255 2530 1299 2568 et
1324 2528 1543 2583 hospitem
1568 2544 1712 2571 meum
1738 2531 1782 2570 et
1807 2527 2066 2569 familiarem

369 2604 411 2641 ct
442 2603 614 2656 gratum
644 2600 863 2641 hominem
894 2602 937 2640 et
968 2599 1108 2641 virum
1139 2599 1304 2640 bonum
1335 2602 1379 2640 et
1404 2599 1643 2655 principem
1670 2599 1862 2642 civitatis
1891 2613 1992 2640 suae
2025 2600 2068 2640 et
2087 2611 2122 2637 30

486 2732 518 2762 3.
544 2732 575 2763 4.
601 2727 855 2772 memineram]
887 2726 1118 2761 meminerim
1146 2728 1186 2761 Ψ
1219 2729 1230 2772 ΙΙ
1269 2730 1299 2762 6,
1327 2739 1409 2761 311111
1439 2729 1515 2763 1116’1
1544 2739 1603 2763 1116
1630 2726 1673 2762 H
1707 2729 1718 2773 ΙΙ
1757 2731 1810 2764 11.
1837 2728 1962 2773 grates
1988 2724 2034 2761 H
2048 2726 2061 2773 Η

370 2780 423 2811 12.
449 2775 546 2821 cum]
574 2775 673 2819 quod
699 2775 749 2809 W
747 2776 919 2819 esenbery,
940 2776 1082 2809 iniuria
1101 2775 1111 2817 ΙΙ
1132 2773 1201 2820 613]
1222 2773 1279 2808 his
1303 2776 1349 2818 Ψ,
1370 2774 1417 2809 113
1441 2776 1552 2811 Orelli
1571 2777 1582 2820 ΙΙ
1603 2779 1657 2811 17.
1685 2775 1920 2810 audire—18.
1940 2773 2060 2808 liben-

370 2823 442 2856 tius
467 2834 532 2857 om.
558 2822 614 2855 Hl
651 2824 662 2866 Η
701 2826 754 2857 19.
781 2821 835 2855 ita
861 2821 920 2865 M,
948 2833 1012 2856 om.
1039 2821 1120 2856 HD
1156 2822 1168 2866 11
1205 2825 1260 2856 20.
1287 2821 1445 2867 unisque
1469 2823 1524 2867 D,
1551 2834 1719 2867 unusque
1746 2822 1803 2867 Η,
1830 2821 1961 2865 uisque
1987 2820 2064 2866 Mfl

370 2874 424 2904 22.
451 2868 580 2903 officiis
606 2868 848 2914 liberalitate]
875 2869 917 2903 in
942 2869 1112 2913 asyncleto
1138 2869 1224 2903 olim
1249 2869 1424 2912 offensum
1459 2872 1471 2915 ΙΙ
1509 2874 1565 2906 24.
1593 2881 1673 2905 esse
1698 2871 1828 2904 notum
1852 2868 1948 2911 HD,
1983 2877 2066 2901 esse

370 2918 497 2950 notum
529 2926 607 2950 esse
639 2916 687 2950 M
719 2917 730 2959 ΙΙ
767 2919 821 2950 27.
853 2915 1121 2960 Hagesaretus]
1155 2916 1199 2958 cf.
1233 2916 1280 2951 R.
1307 2915 1458 2953 BIeister
1491 2919 1540 2953 ‘d.
1571 2919 1701 2963 yrieeh.
1728 2916 1848 2952 Dialj
1882 2915 1899 2948 Ι
1925 2926 1963 2959 p.
1985 2917 2067 2949 295.

371 2963 615 3007 Hegesaretus
654 2963 802 2997 Ernesti
839 2963 897 3007 (cf.
938 2964 1042 2997 inser.
1085 2963 1247 2997 Thessal.
1287 2965 1403 3000 athen.
1443 2965 1617 3000 Mittheil.
1656 2964 1733 2998 XII.
1774 2965 1876 2997 1887.
1909 2973 1948 3006 p.
1977 2964 2067 2997 355:

368 3008 586 3053 Ἡγησάρετε
625 3015 743 3053 χαῖρε,
786 3010 846 3044 sed
885 3013 991 3044 aetat.
1032 3010 1228 3054 inmeiat),
1272 3009 1526 3057 Hegesaratus
1564 3011 1741 3054 Ursinus,
1783 3008 2069 3054 Hagesistratus

374 3057 547 3101 Pluygers
572 3057 756 3100 (Mnemos.
783 3056 844 3091 XX.
873 3059 973 3091 1881.
997 3068 1033 3101 p.
1057 3058 1150 3099 119).
1197 3056 1445 3101 Hegesaretos
1472 3071 1530 3104 ap.
1554 3057 1650 3093 Caes.
1678 3059 1708 3094 b.
1729 3069 1757 3101 c.
1784 3057 1835 3091 ΠΙ
1855 3059 1899 3090 35
1925 3057 2037 3092 edunt
2057 3055 2071 3103 ΙΙ

374 3107 428 3138 29,
456 3113 589 3146 magno
616 3114 723 3151 opere
750 3114 770 3139 ς
789 3105 801 3147 Η
819 3102 1043 3138 familiarem
1070 3103 1161 3149 HD,
1187 3103 1413 3141 familiarem
1441 3117 1563 3140 meum
1589 3105 1640 3139 M
