2242 3496
1420 171 1437 188 ο

560 214 898 250 EPISTVLARVM
924 214 1018 249 XIII.
1047 217 1100 249 77.
1130 217 1182 248 78.
1212 217 1266 250 79.
1316 211 1408 247 XIV.
1438 217 1467 247 1.
1776 210 1862 252 385

171 323 315 365 studio
339 322 482 364 nullos
510 323 807 365 commendare
834 323 1009 377 possim.
1059 320 1104 364 C.
1126 321 1333 364 Avianius
1353 320 1397 361 in
1419 318 1567 361 Sicilia
1585 321 1669 370 est,
1695 317 1863 359 Marcus

171 396 238 435 est
268 394 512 436 nobiscum:
554 397 603 435 ut
634 393 748 435 ilh'us
781 393 1040 449 dignitatem
1071 392 1310 448 praesentis
1344 404 1487 444 ornes,
1519 404 1608 430 rem
1642 389 1864 444 utriusque

171 464 393 517 defendas,
424 468 467 506 te
500 479 617 520 rogo.
674 465 757 506 hoc
788 463 895 505 mihi
927 463 1094 518 gratius
1126 462 1170 504 in
1203 462 1287 502 ista
1323 460 1546 516 provincia
1581 459 1720 500 facere
1758 458 1867 500 nihil

171 538 308 590 potes,
339 535 467 590 idque
500 541 548 577 ut
579 535 712 577 facias
745 538 788 576 te
822 537 1042 576 vementer
1073 533 1205 575 etiam
1236 536 1365 588 atque
1397 532 1527 573 etiam
1559 544 1678 586 rogo.

942 756 1097 810 XIV.

136 903 154 929 ⁶
930 887 961 929 1.
1007 886 1116 944 (18.)

172 983 417 1028 TVLLIVS
450 982 788 1026 TERENTIAE
824 981 990 1035 SVAE,
1021 980 1351 1024 TVLLIOLAE
1387 979 1558 1036 SVAE,
1592 979 1871 1024 CICERONI

890 1051 1002 1096 SVO
1035 1052 1074 1094 S.
1105 1052 1159 1094 D.

290 1149 352 1192 Et
382 1149 543 1191 litteris
575 1149 814 1191 multorum
847 1151 890 1190 et
922 1162 1117 1190 sermone
1151 1147 1343 1189 omnium
1381 1147 1597 1202 perfertur
1629 1147 1681 1188 ad
1713 1161 1780 1188 me
1812 1146 1872 1188 in-
1902 1159 1919 1190 1

174 1221 422 1263 credibilem
448 1224 569 1262 tuam
588 1220 794 1262 virtutem
815 1222 858 1262 et
877 1219 1179 1261 fortitudinem
1205 1233 1296 1260 esse
1323 1221 1450 1272 teque
1476 1232 1554 1259 nec
1581 1218 1712 1259 animi
1734 1232 1872 1272 neque

121 1306 154 1331 ιο
174 1293 368 1348 corporis
400 1292 623 1334 laboribus
649 1291 890 1347 defatigari.
942 1306 1009 1332 me
1037 1291 1259 1332 miserum!
1286 1293 1330 1331 te
1356 1289 1442 1331 ista
1469 1290 1628 1331 virtute
1655 1289 1750 1341 fide,
1779 1303 1875 1343 pro-

170 1363 308 1406 bitate
340 1363 611 1405 humanitate
643 1363 689 1404 in
721 1365 867 1404 tantas
900 1377 1126 1404 aerumnas
1158 1364 1337 1416 propter
1368 1375 1435 1402 me
1468 1360 1681 1415 incidisse,
1715 1359 1874 1402 Tullio-

169 1435 340 1490 lamque
377 1437 594 1490 nostram,
639 1449 691 1476 ex
723 1448 807 1489 quo
844 1436 966 1488 patre
1005 1436 1151 1475 tantas
1189 1432 1437 1487 voluptates
1476 1431 1691 1486 capiebat,
1736 1446 1786 1473 ex
1824 1445 1874 1473 eo

289 1567 320 1599 1.
361 1562 509 1598 auinius
537 1563 576 1597 D
612 1564 623 1607 11
661 1566 691 1596 4.
732 1562 970 1597 uehementer
1004 1561 1124 1597 FHD
1153 1562 1165 1605 11
1195 1571 1296 1605 rogo.
1358 1559 1408 1595 M.
1441 1559 1583 1594 TVLLI
1623 1558 1877 1595 CICERONIS

168 1609 511 1646 EPISTVLARVM
543 1609 608 1643 AD
641 1609 678 1644 C.
712 1610 790 1652 (hoe
815 1622 846 1645 ϊ.
873 1621 939 1644 om.
967 1609 1026 1654 H)
1059 1608 1302 1642 MEMMIVM
1334 1607 1468 1642 EXPL.
1501 1606 1593 1642 INC.
1626 1606 1779 1641 EIVSD.
1813 1605 1879 1640 AD

169 1657 458 1693 TERENTIAM
483 1656 690 1692 VXOREM
715 1655 968 1691 FELICITER
993 1656 1082 1690 ΜΗ
1109 1658 1121 1701 11
1153 1659 1184 1690 5.
1211 1655 1325 1690 Libro
1351 1660 1482 1700 quarto
1508 1655 1642 1690 decimo
1669 1656 1710 1689 in
1730 1653 1821 1688 MH
1837 1674 1879 1678 —

172 1706 211 1740 D
236 1710 333 1740 earet
360 1726 402 1730 —
428 1705 488 1740 hic
507 1706 731 1749 praemissus
756 1709 806 1739 est
831 1705 944 1739 index
970 1705 1138 1740 (leviores
1164 1704 1342 1748 quaedam
1370 1702 1415 1736 H
1435 1703 1701 1745 discrepantiae
1730 1703 1881 1736 omissae

171 1757 292 1788 sunu.-
319 1756 349 1787 1.
376 1751 581 1786 TVLLIVS
607 1751 884 1785 TERENTIAE
911 1750 1035 1785 SVAE
1058 1753 1062 1793 1
1085 1749 1354 1784 TVLLIOLAE
1376 1748 1499 1784 SVAE
1521 1748 1747 1783 CICERONI
1767 1747 1877 1783 SVO÷

172 1799 397 1835 SALVTEM
422 1798 560 1834 DICIT.
583 1800 588 1842 1
610 1798 672 1832 ΕΤ
699 1798 916 1833 LITTERIS
941 1796 1218 1832 MVLTORVM
1244 1799 1255 1841 11
1280 1800 1311 1831 2.
1339 1795 1542 1830 TVLLIVS
1569 1796 1604 1831 S.
1631 1795 1673 1831 D.
1701 1794 1881 1829 TEREN-

171 1846 283 1881 TIAE
321 1846 383 1880 ET
421 1845 691 1880 TVLLIOLAE
725 1849 730 1888 1
764 1844 826 1879 ΕΤ
860 1843 1085 1880 CICERONI
1116 1844 1219 1879 SVIS
1257 1845 1360 1888 (haee
1387 1845 1459 1878 tria
1484 1855 1516 1878 v.
1543 1854 1609 1877 om.
1637 1843 1709 1887 H).
1769 1841 1883 1877 NOLI

170 1893 365 1928 PVTARE
391 1893 460 1927 ME
486 1893 550 1937 (ad
575 1903 801 1937 quemquam
820 1893 904 1927 adel.
926 1892 987 1936 H)
1007 1893 1019 1936 11
1039 1895 1070 1927 3.
1093 1891 1295 1926 TVLLIVS
1317 1891 1350 1926 S.
1372 1890 1414 1926 D.
1435 1889 1715 1924 TERENTIAE
1737 1889 1880 1935 SVAE}

170 1939 232 1975 ET
257 1939 464 1975 TVLLIAE
489 1939 552 1974 ET
573 1939 799 1975 CICERONI
821 1941 826 1984 1
848 1938 1390 1974 ACCIPIEBARISTOCRITO
1412 1937 1519 1972 TRIS
1540 1937 1603 1982 (ab
1625 1936 1882 1971 aristochrito-

171 1987 241 2022 tris
267 1987 397 2032 accepi
422 1987 481 2031 Η)
501 1989 513 2032 11
532 1991 564 2022 4.
592 1987 795 2021 TVLLIVS
823 1987 856 2022 S.
877 1987 920 2021 D.
941 1985 1219 2021 TERENTIAE
1247 1988 1352 2029 (suae
1372 1986 1456 2020 add.
1477 1984 1537 2030 H)
1562 1984 1624 2019 ΕΤ
1647 1988 1651 2029 1
1674 1982 1881 2019 TVLLIAE

172 2034 235 2069 ET
261 2033 485 2070 CICERONI
512 2034 613 2069 SVIS
641 2036 721 2079 (suo
748 2034 809 2078 H)
833 2036 837 2078 1
865 2033 962 2069 EGO
989 2033 1143 2068 MINVS
1171 2033 1321 2068 SAEPE
1347 2032 1412 2068 DO
1443 2035 1455 2077 11
1489 2036 1520 2067 5.
1547 2031 1750 2067 TVLLIVS
1777 2031 1812 2067 S.
1838 2031 1881 2066 D.

172 2081 449 2117 TERENTIAE
476 2081 599 2117 SVAE
622 2085 626 2125 1
661 2081 702 2116 SI
728 2081 792 2115 TV
817 2081 878 2115 ET
905 2080 1080 2115 TVLLIA
1104 2080 1203 2114 LVX
1228 2079 1422 2115 NOSTRA
1452 2082 1463 2120 11
1496 2085 1526 2114 6.
1555 2079 1658 2114 SVIS
1685 2079 1719 2114 S.
1747 2080 1826 2124 (hoc
1851 2091 1882 2114 v.

172 2141 238 2165 om.
265 2130 327 2175 H)
362 2129 491 2164 DICIT
525 2132 530 2172 1
563 2127 659 2163 NEC
698 2128 850 2163 SAEPE
887 2128 975 2163 EST
1015 2127 1093 2163 CVI
1129 2127 1364 2162 LITTERAS
1402 2126 1568 2161 DEMVS
1606 2126 1753 2171 (damus
1785 2125 1846 2169 H)
1873 2126 1883 2162 1³

174 2180 205 2213 7.
232 2176 435 2212 TVLLIVS
461 2176 569 2221 (dicit
595 2176 660 2210 sal.
688 2177 772 2211 add.
800 2176 844 2210 H
849 2179 861 2220 )
887 2174 1164 2209 TERENTIAE
1193 2174 1314 2209 SVAE
1342 2174 1439 2208 SAL.
1468 2175 1546 2217 (hoc
1567 2185 1599 2208 v.
1621 2184 1688 2208 om.
1710 2173 1769 2217 H)
1792 2175 1797 2217 1
1818 2171 1883 2207 VT

172 2223 430 2259 PLVRIMAM
463 2223 613 2258 OMNIS
650 2225 662 2268 11
699 2226 730 2258 8.
765 2222 966 2257 TVLLIVS
1001 2221 1278 2256 TERENTIAE
1318 2220 1440 2256 SVAE
1476 2220 1575 2255 SAL.
1610 2222 1614 2262 1
1650 2220 1692 2255 SI
1728 2219 1883 2255 VALES

173 2271 303 2306 BENE
329 2270 418 2306 EST
437 2272 449 2315 11
469 2274 501 2305 9.
527 2269 730 2304 TVLLIVS
751 2268 1028 2304 TERENTIAE
1049 2268 1173 2304 SVAE
1194 2269 1257 2304 SL.
1282 2272 1286 2311 1
1309 2268 1519 2302 PLVRVM.
1555 2267 1621 2301 AD
1642 2266 1858 2302 CETERAS

178 2322 233 2354 10.
266 2319 346 2362 (hoc
371 2319 499 2353 lemma
535 2329 601 2352 om.
629 2317 688 2361 H)
719 2316 921 2352 TVLLIVS
955 2316 988 2351 S.
1021 2315 1065 2351 D.
1098 2315 1374 2350 TERENTIAE
1408 2314 1531 2350 SVAE
1567 2316 1571 2358 1
1607 2313 1722 2356 QVID
1754 2313 1885 2349 FIERI

172 2364 429 2400 PLACERET
465 2366 477 2410 11
516 2368 569 2400 11.
595 2363 797 2398 TVLLIVS
824 2364 858 2398 S.
885 2363 928 2399 D.
955 2362 1230 2398 TERENTIAE
1263 2362 1386 2398 SVAE
1419 2364 1518 2407 (haee
1543 2363 1614 2397 cluo
1639 2374 1671 2397 v.
1698 2373 1764 2397 om.
1792 2361 1853 2404 H)
1876 2362 1880 2404 1

176 2412 211 2448 S.
231 2412 275 2448 V.
295 2412 337 2448 B.
358 2412 397 2448 E.
418 2412 462 2447 V.
483 2411 658 2446 TVLLIA
685 2410 879 2446 NOSTRA
897 2410 1047 2445 VENIT
1072 2410 1138 2444 AD
1157 2410 1227 2444 ME
1254 2411 1333 2453 (hoe
1351 2422 1382 2446 v.
1405 2421 1472 2444 om.
1495 2409 1554 2454 H)
1573 2411 1584 2453 11
1605 2412 1659 2444 12.
1681 2407 1883 2443 TVLLIVS

176 2459 455 2495 TERENTIAE
482 2459 604 2494 SVAE
632 2459 667 2494 S.
693 2458 735 2493 D.
772 2461 776 2502 1
812 2456 943 2499 QVOD
969 2457 1063 2492 NOS
1096 2456 1148 2491 IN
1178 2457 1382 2491 ITALIAM
1418 2459 1430 2501 11
1467 2459 1521 2490 13.
1548 2455 1751 2491 TVLLIVS
1779 2455 1812 2491 S.
1839 2455 1883 2491 D.

177 2508 277 2551 (post
302 2506 425 2542 SVAE
450 2507 537 2541 haec
562 2507 634 2541 duo
659 2518 690 2540 v.
717 2507 758 2539 in
784 2505 829 2539 H
849 2505 1038 2549 collocata)
1063 2504 1340 2538 TERENTIAE
1368 2503 1491 2539 SVAE
1514 2505 1519 2547 1
1542 2502 1674 2544 QVOD
1705 2502 1884 2538 SCRIPSI

176 2553 243 2588 AD
269 2553 330 2588 TE
367 2555 379 2598 11
417 2557 471 2589 14.
498 2552 699 2588 TVLLIVS
734 2551 1010 2586 TERENTIAE
1045 2555 1050 2595 1
1083 2551 1315 2587 VESTRVM
1347 2551 1437 2586 IAM
1472 2549 1735 2586 CONSILIVM
1766 2550 1876 2595 EST.

181 2604 234 2636 15.
273 2600 475 2635 TVLLIVS
513 2600 548 2635 S.
587 2600 629 2634 D.
668 2598 945 2634 TERENTIAE
986 2601 992 2644 1
1031 2599 1074 2634 SI
1116 2598 1271 2634 VALES
1308 2597 1497 2633 BENEST
1541 2598 1650 2642 (bene
1695 2598 1752 2632 est
1788 2598 1849 2642 H)
1874 2598 1878 2643 1

181 2652 233 2683 16.
260 2647 464 2682 TVLLIVS
490 2646 767 2681 TERENTIAE
795 2646 917 2680 SVAE
943 2647 1043 2691 (haec
1068 2647 1140 2681 duo
1165 2659 1194 2682 v.
1222 2658 1289 2681 om.
1316 2646 1377 2689 H)
1405 2646 1439 2680 S.
1467 2645 1509 2680 D.
1540 2647 1544 2689 1
1573 2645 1608 2680 S.
1634 2644 1678 2680 V.
1705 2644 1745 2679 B.
1772 2644 1813 2679 E.
1839 2643 1883 2679 V.

177 2694 289 2730 ETSI
309 2694 416 2729 EIVS
434 2693 558 2729 MODI
577 2696 588 2739 11
610 2697 662 2729 17.
690 2693 891 2729 TVLLIVS
911 2693 1188 2728 TERENTIAE
1210 2693 1332 2728 SVAE
1353 2693 1388 2728 S.
1408 2692 1451 2727 D.
1474 2693 1573 2736 (haec
1585 2694 1656 2727 duo
1670 2704 1702 2727 v.
1717 2703 1783 2727 om.
1800 2691 1860 2735 H)
1879 2691 1882 2702 ¹

179 2741 214 2777 S.
246 2742 288 2777 V.
321 2741 362 2777 B.
395 2741 436 2777 E.
469 2741 512 2776 V.
546 2741 588 2776 SI
621 2740 736 2782 QVID
768 2740 1004 2775 HABEREM
1040 2742 1052 2785 11
1090 2744 1143 2775 18.
1177 2740 1380 2775 TVLLIVS
1415 2738 1693 2774 TERENTIAE
1732 2738 1856 2774 SVAE

179 2787 597 2825 CONSIDERANDVM
616 2787 758 2822 VOBIS
779 2787 900 2833 (nobis
920 2788 982 2831 H)
1000 2789 1012 2832 11
1033 2791 1088 2822 19.
1116 2788 1194 2832 (hoc
1214 2792 1246 2823 et
1265 2799 1356 2832 quae
1375 2791 1546 2822 secuntur
1565 2787 1734 2822 lemmata
1753 2787 1884 2821 omissa

178 2838 222 2872 in
240 2837 300 2882 H)
325 2835 528 2870 TVLLIVS
554 2834 831 2870 TERENTIAE
853 2834 975 2869 SVAE
996 2835 1030 2870 S.
1052 2834 1093 2870 D.
1117 2838 1122 2876 1
1144 2833 1195 2868 IN
1214 2834 1421 2869 MAXIMIS
1441 2833 1556 2868 MEIS
1575 2835 1587 2878 11
1606 2837 1661 2868 20.
1682 2832 1885 2868 TVLLIVS

181 2883 216 2920 S.
242 2883 286 2919 D.
311 2882 588 2918 TERENTIAE
615 2882 738 2917 SVAE
773 2884 778 2926 1
811 2881 864 2916 IN
889 2881 1218 2917 TVSCVLANVM
1249 2884 1260 2926 11
1297 2886 1351 2915 21.
1379 2880 1582 2915 TVLLIVS
1608 2879 1886 2914 TERENTIAE

182 2930 306 2966 SVAE
333 2931 367 2966 S.
394 2931 436 2965 D.
461 2934 465 2973 1
488 2930 522 2965 S.
549 2929 592 2964 V.
619 2929 659 2964 B.
687 2928 728 2964 E.
754 2929 798 2964 V.
825 2928 892 2963 DA
918 2928 1147 2971 OPERAMn
1166 2932 1222 2964 22.
1249 2927 1452 2963 TVLLIVS
1479 2927 1512 2962 S.
1540 2928 1582 2962 D.
1609 2926 1886 2961 TERENTIAE

181 2977 305 3013 SVAE
340 2982 345 3023 1
380 2977 415 3014 S.
441 2977 485 3013 V.
512 2977 553 3012 B.
580 2976 620 3012 E.
646 2976 690 3012 V.
717 2975 811 3011 NOS
838 2975 1063 3011 COTmlAE
1095 2976 1106 3020 11
1137 2979 1193 3011 23.
1220 2974 1423 3010 TVLLIVS
1452 2973 1729 3009 TERENTIAE
1763 2973 1886 3009 SVAE

181 3025 217 3061 S.
243 3025 286 3060 D.
315 3028 321 3069 1
349 3025 384 3061 S.
410 3025 454 3061 V.
481 3024 522 3060 B.
548 3024 589 3060 E.
616 3024 658 3059 V.
686 3023 933 3058 REDDITAE
959 3022 1067 3057 MIHI
1098 3024 1199 3066 Ι1,24.
1226 3021 1429 3057 TVLLIVS
1459 3020 1736 3056 TERENTIAE
1762 3020 1886 3057 SVAE

182 3071 217 3108 S.
243 3071 285 3107 D.
309 3075 314 3114 Ι
337 3072 371 3108 S.
397 3071 443 3108 V.
469 3071 510 3108 B.
537 3071 578 3107 E.
605 3071 648 3107 V.
675 3070 770 3106 NOS
796 3070 960 3112 NEQVE
986 3069 1050 3104 DE
1077 3068 1306 3105 CAESARIS
1335 3071 1347 3113 11
1379 3073 1409 3104 5.
1435 3069 1521 3104 haec
1546 3073 1579 3104 et
1603 3080 1694 3114 quae
1718 3073 1889 3104 secuntur

183 3119 358 3164 epistulae
384 3123 529 3155 eoestant
553 3120 661 3154 etiam
686 3120 727 3153 in
754 3118 790 3152 F
818 3119 830 3163 11
863 3120 894 3153 9.
921 3127 1040 3162 neque
1069 3117 1123 3162 M,
1148 3128 1217 3152 nec
1245 3116 1364 3152 FHD
1393 3118 1406 3161 11
1439 3119 1493 3151 10.
1521 3115 1724 3162 defatigari
1750 3115 1887 3159 MFH,

185 3165 384 3212 defetigari
409 3166 449 3201 D
467 3169 478 3211 11
496 3167 535 3201 te
560 3165 599 3200 in
624 3165 700 3200 ista
726 3166 764 3199 F

168 3226 171 3228 ’
255 3230 319 3258 C1c.
339 3239 384 3264 ep.
403 3232 449 3258 ed.
469 3232 754 3258 Mendelssohn.
1559 3226 1605 3258 25
