2242 3496
376 306 395 334 9

355 800 395 829 10

426 187 481 225 (34
1025 182 1072 216 M.
1100 181 1239 215 TVLLl
1266 179 1516 215 CICERONIS

425 308 613 347 movear,
652 292 734 333 ‘me
768 306 858 332 esse
892 290 1094 330 acerbum
1127 289 1228 342 sibi,
1260 291 1308 329 ut
1341 289 1421 329 sim
1454 289 1589 330 dulcis
1623 289 1756 331 mihi’.
1814 290 1862 332 de
1895 292 2022 332 rebus
2056 306 2123 332 ur-

424 364 545 404 banis
579 363 691 416 quod
725 377 791 402 1116
825 360 1050 401 certiorem
1076 358 1231 414 fecisti,
1264 374 1360 400 cum
1392 374 1468 413 per
1500 374 1544 400 se
1572 360 1677 400 mihi
1704 364 1875 415 gratum
1901 362 1997 415 fuit,
2029 365 2122 402 tum

424 435 536 488 quod
577 432 831 487 significasti
875 431 956 471 tibi
996 430 1140 470 omnia
1184 445 1279 471 mea
1322 430 1526 471 mandata
1564 445 1688 472 curae
1729 431 1837 486 fore3
1883 433 1927 473 in
1966 432 2122 487 quibus

422 520 553 545 unum
586 503 690 543 illud
718 505 758 542 te
785 501 1011 555 praecipue
1039 515 1145 556 rogo
1177 504 1226 541 ut
1259 516 1393 553 cures,
1424 516 1477 542 ne
1505 501 1605 556 quid
1634 502 1741 543 mihi
1767 503 1819 544 ad
1845 503 1928 545 hoc
1952 504 2121 559 negotii

423 579 496 616 aut
524 574 663 615 oneris
690 573 864 614 accedat
896 575 971 613 aut
1003 572 1225 626 temporis,
1257 571 1638 627 Hortensiumque,
1673 576 1871 615 nostrum
1897 575 2121 629 conlegam

422 650 465 687 et
492 645 761 697 familiarem,
793 657 932 697 roges,
964 646 1024 697 ut,
1053 643 1089 684 si
1116 658 1323 696 umquam
1351 658 1447 684 mea
1474 658 1602 685 causa
1629 644 1859 698 quicquam
1886 648 1961 686 aut
1988 645 2124 686 sensit

423 720 496 757 aut
533 715 653 769 fecit,
691 715 740 755 (16
779 714 859 754 hac
899 728 1068 768 quoque
1108 715 1322 755 sententia
1359 714 1478 755 bima
1515 715 1710 770 decedat,
1748 730 1832 770 qua
1870 715 1977 756 mihi
2013 716 2123 756 nihil

422 789 567 841 potest
600 800 691 827 esse
724 784 951 826 inimicius.
1004 785 1054 826 de
1080 785 1243 826 nostris
1277 786 1405 826 rebus
1434 786 1547 840 quod
1575 785 1682 827 scire
1714 786 1791 840 vis,
1823 785 1958 828 Tarso
1985 786 2124 828 Nonis

421 857 681 898 Octobribus
715 856 933 897 Amanum
970 871 1119 898 versus
1159 856 1343 911 profecti
1382 871 1547 911 sumus,
1585 857 1691 899 haec
1731 857 1884 912 scripsi
1914 857 2123 912 postridie

420 929 510 970 eius
543 927 638 982 diei,
672 942 768 969 cum
796 930 937 969 castra
962 927 1168 969 haberem
1194 928 1238 969 in
1265 942 1369 984 agro
1402 927 1738 983 Mopsuhestiae.
1790 929 1827 970 si
1854 929 1955 984 quid
1982 943 2122 985 egero,

420 999 607 1041 scribam
640 999 692 1039 ad
724 1001 780 1051 te,
811 1013 949 1053 neque
976 999 1150 1040 domum
1182 1014 1388 1053 umquam
1421 999 1474 1040 ad
1505 1014 1572 1040 me
1605 999 1775 1041 litteras
1803 1000 1988 1055 mittam,
2021 1000 2124 1055 quin

420 1071 652 1126 adiungam
678 1084 762 1124 eas,
789 1084 895 1123 quas
922 1069 1003 1110 tibi
1030 1070 1149 1111 reddi
1175 1069 1315 1111 velim.
1361 1070 1410 1111 de
1437 1069 1611 1111 Parthis
1639 1070 1753 1124 quod
1780 1070 1964 1125 quaeris,
1990 1070 2123 1112 fuisse

418 1142 560 1183 nullos
592 1143 718 1196 put03
751 1140 917 1182 Arabes
951 1141 1024 1195 qui
1056 1140 1231 1182 fuerunt
1263 1141 1455 1182 admixto
1482 1140 1687 1182 Parthico
1716 1143 1889 1196 ornatu,
1922 1141 2124 1183 dicuntur

415 1228 567 1258 ⁴omnes
600 1211 847 1267 revertisse,
878 1211 1048 1253 hostem
1082 1225 1174 1252 esse
1206 1212 1251 1252 in
1279 1210 1405 1266 Syria
1436 1214 1597 1267 negant
1629 1212 1777 1253 ullum.
1829 1214 1877 1253 tu
1908 1212 2039 1253 velim
2071 1212 2123 1254 ad

420 1300 486 1326 1116
521 1282 649 1338 quam
682 1283 934 1338 saepissime
961 1285 1004 1324 et
1030 1283 1080 1323 de
1107 1283 1194 1324 tuis
1221 1283 1350 1324 rebus
1378 1282 1540 1324 scribas
1574 1285 1617 1324 et
1650 1283 1700 1324 de
1728 1283 1833 1324 meis
1861 1285 1904 1324 et
1930 1282 1980 1324 de
2008 1282 2125 1324 omni
2163 1298 2179 1322 5

420 1356 481 1397 rei
520 1355 717 1410 publicae
757 1357 892 1408 statu,
932 1354 981 1395 de
1022 1368 1105 1408 quo
1147 1368 1243 1395 sum
1282 1353 1495 1395 sollicitus
1528 1368 1578 1395 eo
1611 1354 1769 1409 magis,
1809 1353 1924 1408 quod
1955 1368 2007 1394 ex
2037 1353 2124 1395 tuis

419 1427 577 1468 litteris
612 1425 796 1481 cognovi
827 1424 1083 1479 Pompeium
1115 1427 1314 1466 nostrum
1346 1424 1391 1465 in
1423 1423 1681 1478 Hispaniam
1712 1424 1888 1465 iturum.

1142 1567 1216 1609 lx.
1264 1565 1402 1624 (122.)

870 1674 1081 1718 cronno
1113 1673 1288 1716 APPIO
1323 1672 1598 1716 PVLCHRO
1635 1673 1675 1715 s.

540 1772 624 1813 Vix
656 1772 830 1813 tandem
862 1770 948 1826 legi
981 1770 1152 1811 litteras
1185 1769 1338 1825 dignas
1370 1768 1451 1823 Ap.
1479 1768 1670 1824 Claudio,
1703 1769 1851 1823 plenas
1884 1768 2123 1810 humanita-

419 1842 489 1897 tis,
523 1842 666 1896 officii,
700 1841 964 1897 diligentiae.
1016 1843 1216 1895 aspectus
1249 1839 1449 1881 videlicet
1481 1840 1600 1881 urbis
1634 1840 1715 1881 tibi
1747 1843 1868 1881 tuam
1894 1839 2125 1894 pristinam

420 1914 711 1955 urbanitatem
756 1913 956 1954 reddidit:
1000 1927 1120 1966 nam,
1164 1925 1270 1965 quas
1316 1926 1366 1952 ex
1408 1911 1580 1966 itinere,
1626 1914 1725 1952 ante
1765 1925 1983 1965 quam-ex
2019 1909 2127 1952 Asia

421 1999 618 2040 egressus
652 1999 708 2039 es,
741 1984 794 2025 ad
826 1999 893 2025 me
926 1983 1095 2024 litteras
1122 1982 1293 2037 misisti,
1325 1997 1432 2023 unas
1466 1983 1516 2023 de
1550 1981 1707 2038 legatis
1741 1997 1766 2023 a
1798 1997 1865 2023 me
1891 1980 2125 2041 prohibitis

419 2056 648 2111 proficisci,
680 2056 838 2097 alteras
872 2055 921 2096 de
953 2054 1255 2109 Appianorum
1288 2053 1584 2095 aedificatione
1617 2054 1838 2109 impedita,
1867 2054 1954 2109 legi
1986 2054 2126 2108 perin-

420 2126 552 2181 vitus3
586 2128 732 2181 itaque
760 2125 1024 2169 conscientia
1050 2140 1170 2166 meae
1197 2125 1437 2166 constantis
1465 2139 1568 2180 erga
1593 2128 1635 2166 te
1662 2125 1901 2166 voluntatis
1923 2124 2125 2180 rescripsi
2163 2138 2178 2163 5

421 2198 503 2239 tibi
536 2197 767 2239 subiratus.
824 2198 884 2239 eis
917 2211 1017 2239 vero
1051 2196 1210 2238 litteris
1242 2196 1382 2250 lectis,
1415 2211 1521 2251 quas
1548 2196 1799 2251 Philotimo,
1830 2196 1990 2238 liberto
2017 2211 2126 2252 meo,

421 2269 593 2324 dedisti,
639 2269 820 2325 cognovi
858 2268 1138 2322 intellexique
1178 2268 1222 2309 in
1260 2268 1484 2322 provincia
1525 2268 1687 2309 multos
1726 2267 1878 2322 fuisse,
1923 2267 1996 2322 qui
2032 2281 2124 2321 nOS,

421 2355 505 2394 quo
538 2341 681 2382 animo
715 2341 829 2382 inter
860 2355 938 2381 nos
973 2354 1133 2395 sumus,
1165 2353 1257 2381 esse
1290 2339 1469 2393 nollent,
1505 2339 1557 2380 ad
1589 2339 1739 2380 urbem
1772 2352 1873 2380 vero
1905 2341 1954 2380 ut
1985 2352 2123 2380 acces-

421 2412 527 2453 seris
561 2412 626 2454 vel
653 2412 799 2466 potius
832 2415 881 2453 ut
912 2411 1101 2466 primum
1126 2412 1226 2452 tuos
1253 2410 1423 2464 videris,
1457 2423 1666 2465 cognosse
1698 2413 1740 2451 te
1774 2425 1824 2451 ex
1858 2409 1931 2463 eis,
1964 2424 2049 2464 qua
2079 2409 2125 2450 in

421 2486 462 2525 te
502 2485 725 2526 absentem
761 2483 862 2537 fide,
904 2497 988 2537 qua
1025 2483 1069 2524 in
1109 2481 1308 2523 omnibus
1347 2480 1504 2522 officiis
1547 2480 1718 2522 tuendis
1758 2494 1861 2536 erga
1898 2483 1941 2522 te
1981 2480 2124 2522 obser-

420 2555 568 2596 vantia
609 2558 651 2596 et
693 2554 939 2597 constantia
982 2553 1173 2594 fuissem.
1238 2551 1387 2606 itaque
1433 2551 1585 2606 quanti
1628 2552 1736 2593 illud
1782 2566 1850 2593 me
1895 2551 2124 2593 aestimare

540 2676 570 2707 1.
590 2685 621 2707 v.
643 2672 802 2707 Ribbeck
821 2682 906 2706 com.
927 2670 993 2714 fr.2
1014 2682 1053 2714 p.
1076 2672 1142 2703 120
1162 2670 1173 2714 Η
1192 2668 1266 2714 1116]
1288 2668 1373 2702 med
1394 2668 1745 2714 Illartyni-Layuna
1763 2670 1774 2713 ΙΙ
1794 2668 1850 2714 ut]
1871 2667 1928 2702 uti
1943 2667 2101 2702 Ribbeck
2114 2669 2125 2709 ’ζ

421 2719 539 2753 dulcis
568 2720 650 2763 GR,
676 2718 796 2763 pulcis
823 2719 872 2752 M
886 2720 897 2762 Η
912 2722 994 2762 post
1019 2716 1113 2751 mihi
1137 2720 1229 2760 spat.
1257 2719 1278 2749 4
1305 2717 1371 2750 litt.
1398 2717 1439 2750 ‘iu
1464 2716 1513 2749 M
1527 2717 1538 2760 Η
1559 2720 1589 2751 5
1618 2715 1738 2750 oneris
1765 2716 1820 2758 M,
1850 2713 1998 2749 honoris
2027 2714 2099 2749 GR
2114 2717 2123 2747 ³:

421 2772 450 2801 9.
479 2767 584 2813 <ad>
610 2766 796 2800 Amanum
822 2767 1033 2810 Il'esenbery
1052 2766 1063 2809 ΙΙ
1081 2763 1239 2809 profecti
1266 2774 1390 2797 sumus
1419 2763 1507 2807 GR,
1534 2762 1829 2807 profectissimus
1855 2762 1904 2796 M
1929 2763 1940 2806 ΙΙ
1970 2761 2122 2806 posttri-

422 2814 481 2847 die
507 2815 587 2849 MG
618 2816 629 2859 ΙΙ
663 2818 716 2848 10.
745 2812 946 2848 moshestie
972 2813 1026 2856 M,
1052 2811 1198 2846 hostiae
1227 2810 1298 2845 GR
1324 2812 1335 2855 Η
1362 2810 1392 2844 51
1420 2811 1503 2854 GR,
1531 2810 1562 2844 si
1589 2810 1621 2845 si
1645 2810 1695 2844 M
1714 2812 1725 2854 Η
1753 2813 1805 2844 11.
1834 2809 1882 2843 ad
1907 2819 1966 2842 me
1992 2809 2042 2842 M
2063 2810 2122 2853 (cf.

422 2862 516 2897 Boot
541 2863 589 2896 acl
617 2862 687 2897 Cic.
715 2862 763 2896 ad
789 2862 865 2895 Att.
893 2860 952 2903 IV,
977 2860 1105 2903 14,1),
1140 2870 1161 2892 a
1193 2869 1250 2892 me
1277 2858 1330 2901 R,
1364 2858 1412 2892 ad
1444 2859 1481 2892 te
1515 2858 1565 2901 G,
1599 2858 1647 2892 ad
1677 2867 1778 2891 meos
1811 2867 1831 2893 ς
1863 2857 1875 2901 ΙΙ
1908 2859 1962 2890 12.
1991 2855 2122 2890 adiun-

421 2918 544 2951 gerem
572 2909 604 2943 G
624 2910 634 2953 11
654 2908 790 2943 uellem
818 2908 851 2943 G
870 2909 881 2951 Η
902 2907 946 2940 de
972 2906 1090 2950 partis
1117 2907 1165 2940 M
1180 2907 1190 2950 ΙΙ
1212 2908 1265 2940 13.
1292 2905 1431 2939 fuerint
1458 2906 1491 2940 G
1511 2907 1521 2949 ΙΙ
1543 2908 1595 2940 14.
1622 2905 1763 2948 negant
1787 2902 1906 2937 ullum
1934 2903 1978 2946 G,
2005 2907 2037 2938 et
2056 2904 2104 2937 M
2109 2908 2123 2925 ⁰

423 2966 467 2988 ea:
492 2955 752 2999 negantulum,
786 2955 925 2999 negant
956 2953 1062 2986 illum
1088 2954 1123 2988 R
1157 2955 1167 2997 ΙΙ
1201 2956 1254 2987 16.
1282 2953 1381 2996 quod
1410 2953 1497 2995 GR,
1530 2954 1572 2986 ut
1596 2951 1695 2995 quod
1727 2950 1765 2994 (d
1785 2954 1922 2995 puncto
1947 2954 2075 2985 notata
2100 2963 2123 2984 a

423 3013 466 3035 m.
491 3005 521 3044 1,
545 3007 586 3036 ut
615 3004 697 3040 rid.)
726 3004 773 3036 M
800 3004 810 3046 Η
844 3005 897 3036 19,
925 3002 1196 3043 inscriptionem
1228 3011 1294 3034 om.
1323 3000 1394 3034 GR
1426 3001 1437 3044 ΙΙ
1469 3003 1522 3033 20.
1550 2999 1635 3043 ΑΡ]
1669 2997 1768 3042 apud
1793 2998 1854 3041 M,
1888 2996 1998 3042 appio
2027 2997 2099 3032 GR

424 3048 570 3082 claudio
597 3061 640 3084 esc
666 3049 812 3084 cloudio
833 3048 897 3092 R1,
925 3047 1045 3082 clodio
1067 3048 1146 3081 MG
1179 3049 1190 3091 ΙΙ
1221 3050 1276 3081 23.
1305 3058 1342 3080 es
1369 3048 1423 3089 M,
1450 3057 1548 3081 esses
1577 3045 1648 3080 GR
1679 3047 1691 3089 Η
1723 3045 1771 3078 ἃᾶ
1797 3055 1855 3079 1116
1881 3043 2057 3089 lit(te1·as)
2082 3046 2123 3079 in

423 3106 494 3129 ras.
521 3097 585 3129 IllC
605 3098 615 3139 ΙΙ
644 3100 699 3131 24.
727 3096 921 3140 appioruni
947 3096 980 3129 ,Ω
1011 3096 1021 3138 11
1053 3097 1107 3128 25.
1134 3094 1255 3139 meae]
1282 3104 1366 3128 mea
1391 3095 1425 3127 Ω
1456 3095 1467 3137 ΙΙ
1496 3092 1650 3137 recripsi
1675 3092 1725 3126 M
1750 3094 1762 3136 ΙΙ
1792 3095 1847 3127 26.
1873 3091 1944 3126 tibi
1970 3103 2036 3127 om.
2062 3092 2124 3138 R!

424 3141 492 3186 eis]
519 3141 576 3177 his
603 3144 646 3184 Ω,
674 3143 718 3176 115
745 3155 765 3180 ς
790 3145 802 3187 11
828 3147 883 3178 29.
910 3142 981 3187 eis]
1006 3140 1079 3175 hiis
1106 3142 1166 3183 M,
1194 3140 1237 3173 iis
1267 3141 1338 3174 GR

2145 942 2176 967 10

2145 1784 2180 1808 20

2144 2493 2178 2518 30
