2242 3496
387 163 472 203 322
982 156 1029 190 Μ.
1057 154 1199 188 TVLLI
1225 151 1476 186 CICERONIS

389 270 541 311 scirem
575 268 618 310 C.
652 266 806 318 Cassii,
851 261 1082 317 singularis
1115 260 1220 302 civis
1254 263 1297 300 et
1328 260 1467 313 ducis,
1509 259 1690 301 classem
1723 260 1954 301 maximam
1986 259 2078 300 fore

388 343 559 394 praesto
599 339 641 378 in
676 336 816 389 Syria,
861 334 911 374 ad
951 346 1091 373 meum
1125 330 1316 371 officium
1349 331 1522 384 reverti,
1566 331 1761 384 daboque
1795 345 1986 385 operam,
2029 333 2079 371 ut

388 425 528 451 meum
562 408 747 449 studium
780 403 1049 458 diligentiam
1081 401 1223 454 vobis,
1266 416 1304 454 p.
1338 415 1390 455 c.,
1426 400 1572 454 reique
1604 416 1642 454 p.
1675 404 1911 455 praestem,
1956 415 2079 455 pecu-

389 481 589 532 niamque
628 491 754 530 quam
794 473 1025 514 maximam
1064 474 1216 525 potero
1257 474 1301 512 et
1339 485 1469 524 quam
1509 471 1728 512 celerrime
1763 485 1914 526 cogam
1947 471 2080 512 omni-

390 551 550 603 busque
596 545 835 588 rationibus
881 544 932 585 ad
977 558 1052 584 vos
1098 543 1283 583 mittam.
1353 542 1389 582 si
1433 556 1684 596 percurrero
1730 541 1993 596 provinciam
2037 544 2081 583 et
2118 555 2134 580 5

388 633 644 673 cognovero,
689 616 760 669 qui
798 614 923 656 nobis
963 617 1005 655 et
1044 613 1104 654 rei
1137 628 1177 667 p.
1209 612 1337 653 fidem
1369 613 1682 666 praestiterunt
1713 613 1758 653 in
1789 613 2082 654 conservanda

386 689 565 743 pecunia
603 703 627 728 a
665 701 730 727 me
771 685 986 740 deposita,
1031 684 1187 739 quique
1227 683 1385 725 scelere
1423 683 1538 724 ultro
1577 683 1815 725 deferentes
1855 683 2082 738 pecuniam

386 759 601 813 publicam
634 758 715 798 hoc
747 771 923 797 munere
956 755 1209 796 societatem
1236 754 1478 795 facinorum
1504 769 1600 796 cum
1627 753 1857 796 Dolabella
1880 754 2082 808 inierunt,

385 830 540 871 faciam
573 843 648 869 vos
682 827 900 869 certiores.
962 826 1012 866 de
1046 824 1220 878 quibus,
1262 824 1298 865 si
1330 824 1454 865 vobis
1494 824 1726 879 videbitur,
1765 825 1820 879 si,
1857 827 1906 866 ut
1937 824 2082 866 meriti

386 903 504 953 sunt,
543 899 731 954 graviter
769 895 1084 939 constitueritis
1123 910 1288 949 nosque
1320 898 1465 937 vestra
1503 896 1761 938 auctoritate
1793 895 2082 950 firmaveritis,
2104 910 2137 934 10

385 970 553 1012 facilius
592 972 634 1010 et
672 969 838 1023 reliqua
876 967 1044 1022 exigere
1085 966 1316 1027 vectigalia
1353 969 1396 1008 et
1434 970 1586 1008 exacta
1623 982 1792 1009 servare
1831 967 2082 1021 poterimus.

387 1043 549 1082 interea
587 1054 669 1094 quo
710 1038 975 1080 commodius
1016 1037 1249 1093 vectigalia
1291 1038 1404 1079 tueri
1441 1038 1794 1093 provinciamque
1833 1039 1887 1079 ab
1926 1037 2085 1079 iniuria

388 1112 609 1153 defendere
629 1110 804 1164 possim,
827 1109 1089 1164 praesidium
1109 1108 1402 1150 voluntarium
1423 1110 1799 1164 necessariumque
1827 1109 2082 1163 comparavi.

504 1182 571 1222 his
614 1182 773 1222 litteris
819 1179 993 1234 scriptis
1037 1180 1198 1220 milites
1243 1179 1412 1221 circiter
1455 1193 1566 1234 XXX,
1612 1195 1718 1234 quos
1763 1179 1992 1221 Dolabella
2035 1194 2085 1221 ex

388 1254 491 1294 Asia
523 1252 847 1306 conscripserat,
880 1266 929 1292 ex
964 1249 1089 1305 Syria
1121 1250 1337 1306 fugientes
1369 1251 1414 1292 in
1440 1250 1745 1306 Pamphyliam
1777 1253 2004 1292 venerunt:
2036 1250 2084 1291 hi
2104 1264 2138 1289 15

386 1324 689 1365 nuntiaverunt
728 1322 1002 1363 Dolabellam
1035 1321 1340 1376 Antiocheam,
1387 1337 1494 1376 quae
1532 1322 1576 1363 in
1611 1321 1737 1376 Syria
1774 1325 1856 1376 est,
1900 1322 2086 1377 venisse3

385 1409 471 1435 non
495 1396 715 1448 receptum
742 1395 944 1434 conatum
971 1407 1063 1434 esse
1091 1392 1350 1447 aliquotiens
1380 1392 1421 1434 vi
1447 1393 1646 1447 introire,
1672 1393 1892 1447 repulsum
1919 1408 2088 1448 semper

387 1480 477 1506 csse
510 1480 606 1506 cum
638 1479 795 1520 magno
829 1479 906 1505 suo
939 1464 1222 1518 detrimento3
1253 1464 1401 1518 itaque
1434 1475 1496 1506 DC
1530 1464 1702 1505 circiter
1728 1464 1911 1518 amissis,
1943 1464 2086 1520 aegris

384 1536 544 1577 relictis
590 1539 720 1577 noctu
767 1535 1006 1576 Antiochea
1052 1534 1298 1590 profugisse
1345 1534 1604 1576 Laodiceam
1649 1549 1817 1588 versus,
1869 1550 1918 1576 ea
1960 1538 2087 1577 nocte

385 1621 531 1648 omues
564 1606 652 1648 fere
682 1606 897 1648 Asiaticos
931 1606 1091 1647 milites
1126 1606 1180 1647 ab
1214 1621 1263 1647 eo
1297 1606 1565 1661 discessisse,
1597 1621 1648 1647 ex
1678 1606 1748 1647 his
1781 1607 1834 1647 ad
1867 1606 2088 1662 octingen-
2108 1620 2141 1644 ρο

385 1681 453 1719 tos
494 1677 778 1719 Antiocheam
817 1677 978 1718 redisse
1023 1680 1066 1718 et
1105 1692 1149 1718 se
1189 1677 1250 1718 eis
1291 1677 1539 1732 tradidisse,
1583 1677 1657 1731 qui
1696 1693 1720 1718 a
1758 1676 1908 1719 Cassio
1947 1677 2088 1719 relicti

384 1749 482 1790 urbi
519 1749 582 1789 illi
620 1751 866 1802 praeerant,
912 1751 1076 1790 ceteros
1115 1763 1191 1803 per
1230 1748 1448 1790 Amanum
1487 1749 1531 1789 in
1571 1747 1770 1790 Ciliciam
1808 1748 2088 1805 descendisse,

387 1834 470 1873 quo
503 1835 553 1860 ex
584 1833 762 1860 numero
797 1834 840 1860 se
875 1834 1044 1873 quoque
1077 1834 1169 1860 esse
1203 1819 1419 1874 dicebant3
1463 1818 1661 1861 Cassium
1693 1822 1838 1860 autem
1870 1834 1967 1861 cum
2000 1818 2089 1861 suis

388 1890 585 1932 omnibus
618 1891 752 1945 copiis
784 1890 1033 1931 nuntiatum
1066 1905 1158 1932 esse
1192 1889 1421 1944 quadridui
1452 1890 1537 1932 iter
1562 1890 1774 1932 Laodicea
1799 1890 1959 1932 afuisse
1984 1892 2090 1943 tum,

387 1976 483 2003 cum
521 1961 747 2003 Dolabella
785 1976 834 2002 eo
873 1962 1088 2016 tenderet,
1133 1962 1416 2016 quamobrem
1461 1960 1661 2016 opinione
1704 1962 1884 2003 celerius
1923 1961 2089 2003 confido
2110 1974 2143 2000 25

388 2032 767 2074 sceleratissimum
798 2033 1012 2074 latronem
1043 2047 1205 2087 poenas
1238 2033 1451 2074 daturum.
1509 2045 1579 2073 1111
1605 2031 1659 2074 N.
1689 2032 1781 2074 Iun.
1831 2032 2006 2088 Pergae.

1085 2162 1203 2204 XVI.
1253 2161 1391 2219 (329.)

875 2256 1211 2300 TREBofflvs
1246 2256 1526 2300 oronaom
1560 2257 1601 2299 s

509 2350 549 2392 S.
576 2367 610 2392 v.
639 2352 678 2392 b.
728 2351 924 2393 Athenas
958 2353 1054 2393 veni
1087 2367 1123 2393 a.
1150 2352 1187 2393 d.
1214 2365 1262 2394 XI
1289 2352 1340 2394 K.
1367 2352 1458 2394 Iun.
1492 2355 1620 2407 atque
1653 2353 1726 2407 ibi,
1760 2353 1873 2407 quod
1906 2352 2090 2393 maxime

391 2423 613 2476 optabam,
668 2422 753 2463 vidi
798 2422 936 2464 filium
980 2429 1121 2474 tuum,
1166 2424 1359 2465 deditum
1401 2424 1592 2479 optumis
1638 2423 1792 2466 studiis
1837 2436 2090 2477 summaque
2110 2437 2145 2462 30

510 2542 540 2572 1.
569 2538 725 2572 classem
751 2539 846 2583 HD,
874 2539 951 2574 clas
978 2540 1027 2574 M
1041 2541 1052 2584 11
1072 2543 1102 2574 3.
1133 2540 1298 2574 studium
1325 2540 1562 2585 diligentiam
1588 2542 1649 2585 M,
1683 2541 1726 2575 st.
1755 2541 1794 2574 et
1819 2539 1882 2574 dil.
1910 2540 2000 2575 HD.
2047 2541 2091 2575 st.

390 2585 500 2618 fidem
527 2585 588 2620 dil.
616 2588 708 2621 coni.
736 2587 873 2621 Kolzler
899 2589 952 2631 (p.
974 2588 1044 2631 20),
1072 2589 1216 2622 mim-za
1235 2589 1246 2632 ΙΙ
1272 2591 1303 2622 4.
1331 2591 1361 2622 5.
1391 2587 1635 2632 omnibusque
1663 2587 1804 2635 (cum)
1830 2587 2040 2622 rationibus
2060 2597 2093 2631 ς,

392 2637 507 2681 estque
534 2644 619 2667 scone
653 2635 767 2668 onmes
794 2635 917 2669 nudus
949 2635 1129 2669 ablativus
1166 2636 1177 2679 Η
1215 2638 1247 2669 6.
1273 2635 1532 2679 praestiterint
1564 2640 1596 2671 et
1627 2640 1657 2670 8.
1685 2634 1839 2670 inierint
1871 2635 2092 2680 Wesenbery.

392 2681 436 2721 cf.
459 2680 595 2714 Ko'hler
616 2692 654 2724 p.
676 2684 718 2714 32
738 2682 750 2725 Η
772 2684 800 2715 7.
829 2682 979 2727 scelere]
1009 2681 1187 2716 scelerate
1208 2683 1411 2717 Lambinus
1430 2684 1441 2727 u
1463 2686 1515 2717 10.
1543 2682 1821 2717 constitueretis
1840 2682 1890 2716 M
1903 2683 1915 2727 ΙΙ
1935 2684 1989 2717 13.
2009 2692 2094 2726 pos-

393 2725 476 2772 sim]
510 2728 554 2769 cf.
582 2727 721 2762 Kamer
747 2741 782 2772 p.
804 2731 847 2762 32
885 2730 896 2773 Η
935 2733 988 2763 15.
1023 2740 1067 2763 ex
1100 2729 1224 2775 Syria]
1264 2731 1301 2763 et
1332 2729 1432 2773 syria
1466 2732 1519 2774 Ψ,
1559 2741 1578 2765 e
1611 2727 1711 2775 syria
1743 2741 1763 2766 ς
1801 2731 1812 2774 ΙΙ
1847 2728 2095 2774 pamphiliam

394 2773 541 2817 (panph.
564 2774 657 2818 HD)
688 2777 727 2809 Ψ
743 2777 754 2819 Η
774 2775 828 2821 hi]
856 2775 883 2809 ii
904 2787 923 2812 ς
943 2778 954 2820 ΙΙ
989 2779 1042 2810 16.
1071 2776 1301 2811 antiochiam
1321 2777 1412 2812 HD.
1452 2782 1485 2812 et
1503 2779 1555 2813 sic
1568 2789 1681 2823 porro
1700 2779 1711 2822 ΙΙ
1732 2781 1786 2812 17.
1813 2776 1852 2810 ui
1870 2775 2025 2811 introire
2038 2775 2092 2819 M,

393 2822 434 2853 ut
465 2820 635 2855 introiret
666 2822 746 2856 HD
783 2824 793 2865 ΙῙ
833 2826 885 2857 18.
918 2823 1047 2866 itaque
1080 2824 1112 2857 d.
1147 2835 1175 2858 c.
1210 2824 1307 2868 HD,
1347 2824 1475 2868 itaque
1507 2836 1537 2859 c.
1565 2826 1618 2860 M.
1667 2825 1723 2859 ita
1753 2823 1816 2859 DC
1847 2824 2060 2868 Wesenberq
2083 2823 2095 2867 Η

396 2870 448 2900 19.
477 2866 581 2920 <ab>
608 2868 814 2904 Antiochea
846 2871 930 2904 olim
955 2871 1049 2914 Gem.
1071 2872 1203 2915 prior.⁷
1227 2883 1265 2916 p.
1288 2873 1348 2916 62)
1375 2873 1587 2918 IVesenbery
1623 2874 1634 2916 ΙΙ
1673 2871 1908 2906 laodicheam
1933 2870 2014 2914 (sic)
2038 2869 2093 2914 M,

394 2913 601 2948 laudiceam
628 2916 707 2949 HD
726 2918 737 2960 Η
757 2920 810 2951 21.
839 2916 908 2962 eis]
936 2917 993 2950 his
1026 2920 1070 2960 Ψ,
1097 2917 1142 2952 iis
1170 2929 1190 2955 ς
1216 2920 1228 2963 ΙΙ
1253 2922 1308 2954 22.
1336 2930 1401 2963 per
1426 2919 1626 2965 Amanum]
1659 2930 1724 2963 per
1755 2928 1908 2952 manum
1932 2916 2060 2951 MHD
2071 2917 2094 2961 ²,

394 2970 458 3003 per
482 2972 582 2995 mare
608 2962 663 2995 Dl
689 2965 700 3007 l!
726 2968 779 2998 24.
808 2963 1008 3007 quadridui
1034 2966 1089 3008 M,
1116 2965 1307 3009 quatridui
1334 2967 1414 3000 HD
1445 2968 1456 3011 ΙΙ
1486 2965 1657 3001 laodicea
1683 2965 1820 3000 afuisse
1846 2964 1901 3008 M,
1927 2963 2095 2998 laudicia

397 3007 470 3050 (-ea
496 3008 547 3051 D)
574 3009 687 3043 fuisse
708 3010 797 3045 HD.
839 3010 918 3057 <a>
944 3011 1130 3046 Laodicea
1151 3012 1289 3047 afuisse
1311 3014 1379 3047 alii
1398 3015 1409 3058 Η
1429 3017 1483 3048 25.
1510 3013 1695 3058 tenderet]
1723 3011 1964 3046 contenderet
1988 3012 2094 3047 dubi-

396 3055 675 3143 ἓῖζῒιῖξέλδῖιῖῗζιῖρν
701 3059 754 3101 (1).
776 3060 834 3101 42)
855 3059 866 3102 Η
887 3062 940 3093 26.
969 3058 1087 3103 Perga
1111 3060 1223 3094 Orelli
1242 3062 1253 3104 11
1273 3064 1327 3094 29.
1355 3061 1390 3095 b.
1417 3060 1514 3105 ΜΗ,
1540 3060 1575 3094 b.
1598 3070 1628 3095 e.
1648 3060 1688 3093 D
1705 3061 1717 3104 ΙΙ
1737 3063 1791 3094 30.
1820 3058 1982 3104 optumis
2002 3058 2093 3102 HD,
