2242 3496
464 190 597 225 XXXII
1173 185 1456 220 PRAEFATIO.

460 298 612 338 harum
639 311 781 337 rerum
810 294 1070 349 peritissimi,
1109 293 1154 334 Ο.
1182 293 1234 334 Ε.
1261 293 1444 334 Schmidt
1469 292 1738 348 Dresdensis,
1764 309 1876 336 nunc
1902 293 2163 347 Misniensis,

462 371 505 408 et
542 371 611 408 Ae.
646 368 810 408 Κόνηεν
848 364 1193 405 Oliemnitiensis.
1263 364 1336 418 qui
1382 379 1487 418 quas
1533 365 1577 405 in
1616 379 1660 406 se
1699 368 1952 419 receperunt
1991 365 2162 406 tabulas

463 437 788 491 chronologicas
829 450 922 476 cum
965 434 1016 474 ad
1054 449 1120 475 me
1154 433 1392 488 misissent,
1432 435 1663 490 recognovi
1696 438 1739 476 et
1771 436 1806 476 si
1840 450 1924 490 qua
1955 435 2001 476 in
2032 450 2075 476 re
2109 435 2162 476 ab

462 508 549 548 illis
589 507 861 547 dissentirem
899 506 1030 546 verbo
1070 505 1283 546 adnotavi.
1347 506 1397 546 de
1438 504 1542 558 ipsis
1576 505 1737 546 tabulis
1771 520 1866 546 cum
1900 507 1942 546 in
1976 505 2164 560 epistula

463 578 700 632 praemissa
732 576 838 616 satis
872 576 1119 629 exposuerit
1152 575 1199 617 O.
1225 574 1514 632 Eschmidt,
1550 591 1682 616 unum
1715 576 1822 617 addo
1855 591 2056 618 numeros
2089 576 2161 617 uni

463 649 613 702 cuique
647 646 857 700 epistulae
890 647 1105 700 praefixos
1138 649 1330 700 spectare
1364 647 1415 687 ad
1450 646 1727 700 adpendieem
1760 647 1891 687 illam.

579 719 664 758 iam
684 716 791 757 nihil
812 720 1009 770 superest
1028 717 1112 758 nisi
1134 720 1182 758 ut
1203 720 1245 758 et
1265 717 1390 758 venia
1409 719 1583 771 petatur
1604 717 1745 771 operis
1767 717 1883 772 longi
1907 717 2086 758 maculis
2108 742 2160 747 —

462 790 549 830 sive
584 803 653 828 eas
686 788 851 829 incuria
883 788 995 829 fudit
1028 787 1116 828 sive
1143 788 1332 829 humana
1357 803 1510 842 parum
1537 788 1651 829 cavit
1676 791 1832 828 natura
1852 812 1906 816 —
1929 790 1972 828 et
1997 788 2164 842 gratiae

461 862 645 914 agantur
683 858 744 899 eis
785 858 1034 899 hominibus
1073 859 1210 900 doctis
1251 859 1323 913 qui
1364 859 1472 901 hanc
1511 858 1745 900 editionem
1777 859 1841 899 vel
1876 859 1958 900 hoc
1989 859 2056 900 vel
2088 858 2165 900 illo

460 930 586 970 modo
626 929 826 970 adiuvare
858 929 1099 970 voluerunt.
1171 930 1494 971 obstrinxerunt
1533 933 1678 971 autem
1710 945 1776 971 me
1816 929 2035 971 beneficiis
2075 930 2164 971 suis

461 1016 558 1042 eum
579 1000 630 1041 G.
653 999 788 1052 Goete,
810 1000 860 1042 G.
882 1000 1195 1052 Gundermamz,
1222 1001 1292 1041 Th.
1317 1001 1557 1050 Mommsen,
1581 1005 1630 1040 H.
1655 1000 1890 1053 Nettleshz'p,
1910 1001 1984 1041 Fr.
1999 1000 2166 1054 Schoell‚

460 1072 515 1112 H.
543 1071 689 1124 Vitelli,
715 1070 757 1112 C.
778 1057 1209 1124 Zanyemeister·‚³tum
1233 1062 1287 1112 Os
1302 1071 1540 1123 Hirschfeld
1564 1074 1606 1112 et
1634 1072 1671 1112 I.
1692 1071 1751 1112 Η.
1772 1070 1981 1113 Schmalz:
2009 1072 2165 1112 utrius-

461 1156 541 1195 que
586 1145 628 1182 et
671 1141 1022 1196 promptissimus
1075 1142 1242 1183 animus
1289 1146 1331 1183 et
1376 1157 1544 1183 summa
1596 1142 1792 1183 doctrina
1837 1144 2010 1196 praesto
2059 1141 2167 1183 mihi

460 1213 620 1266 ubique
659 1212 845 1253 fuerunt.
916 1213 988 1267 qui
1026 1212 1222 1254 homines
1263 1213 1378 1254 docti
1419 1213 1573 1254 studiis
1612 1214 1701 1254 suis
1740 1213 1854 1254 haud
1891 1227 2069 1267 prorsus
2107 1213 2167 1254 in-

461 1284 640 1339 dignum
667 1283 861 1324 extitisse
887 1282 1048 1324 librum
1075 1283 1110 1323 si
1135 1282 1432 1337 iudicaverint,
1465 1284 1656 1337 amplum
1682 1283 1752 1324 hic
1779 1283 1918 1325 editor
1944 1283 2028 1324 sibi
2054 1283 2166 1325 vide—

461 1355 581 1395 bitur
613 1355 776 1396 ]aboris
809 1343 972 1409 cepisse
1006 1353 1257 1408 praemium.

582 1448 669 1491 Ser.
704 1449 889 1503 Dorpati
924 1448 974 1490 K.
1006 1448 1098 1490 Iun.
1133 1464 1168 1489 a.
1197 1449 1322 1490 1892.

1654 1555 1696 1597 L.
1730 1554 2049 1598 Mendelssohn.
