2242 3496
33 1904 60 1935 ἱ

652 215 983 251 El’ls'l‘x'luxlu'm
1016 216 1072 250 lv.
1101 213 1136 251 ’.Β
1162 221 1213 250 ιω.
1245 221 1295 250 ιι,
1329 221 1376 250 ιι».
1805 216 1855 255 §91

892 360 962 401 xl.
1009 361 1145 414 ωηο.)

650 453 1001 495 alintummas
1036 455 1311 497 υιυΕιωΝι
1349 456 1390 496 s.

292 546 528 587 Plurimum
571 547 752 587 valuisse
798 549 907 601 apud
949 565 1013 589 mv
1053 553 1170 590 tuam
1216 566 1384 604 semper
1429 549 1730 590 auctoritatem
1768 561 1905 590 euml

171 617 214 658 in
247 617 362 658 omui
396 633 439 658 re
472 621 564 658 tum
593 618 633 658 in
662 617 742 659 hoo
777 619 958 659 maxime
986 621 1161 674 negotio
1190 625 1312 675 potes
1339 620 1602 662 existimare:
1635 635 1731 662 cum
1758 620 1862 661 mihi

134 702 151 727 ⁵
171 686 216 729 C.
242 686 489 741 Marcellus,
522 688 655 729 frater
688 689 1010 731 amantissimus
1044 692 1145 744 inei,
1184 707 1269 732 non
1302 692 1438 732 solum
1473 691 1699 732 consilium
1731 691 1863 744 daret,

171 759 245 800 sed
287 759 487 813 precibus
532 773 700 812 quoque
747 774 812 799 me
858 761 1123 814 obsecraret,
1168 778 1251 802 non
1296 763 1413 816 prius
1461 761 1564 802 mihi
1608 762 1862 816 persuadere

170 829 326 884 potuit,
358 844 487 884 quam
520 829 607 870 tuis
639 832 705 870 est
737 832 933 870 effectum
967 831 1137 886 litteris,
1170 836 1217 873 ut
1250 836 1392 873 uterer
1420 836 1562 873 vestro
1590 833 1862 887 potissimum

171 901 365 943 consilio.
422 915 489 942 res
529 900 886 955 quemadmodum
925 902 982 942 sit
1020 906 1134 956 acta,
1173 907 1338 944 vestrae
1377 903 1547 944 litterae
1588 904 1693 944 mihi
1731 904 1864 945 deela-

170 975 280 1013 rant.
336 971 573 1028 gratulatio
613 975 688 1012 tua
727 974 808 1012 etsi
847 976 913 1013 est
951 973 1056 1013 mihi
1095 974 1418 1027 probatissima,
1458 975 1568 1028 qnod
1608 975 1661 1015 ab
1700 974 1864 1028 optimo

119 1056 152 1080 ιο
170 1043 220 1084 fit
251 1043 406 1097 animo,
438 1046 583 1084 tamen
614 1042 696 1084 hoe
727 1042 833 1083 mihi
864 1044 1001 1085 multo
1035 1044 1259 1086 iucundius
1292 1049 1359 1086 est
1391 1048 1433 1085 et
1466 1045 1644 1099 gratius,
1677 1045 1789 1099 quod
1822 1046 1865 1086 in

171 1128 340 1154 summa
375 1114 593 1168 paucitate
635 1113 888 1167 amicorum,
926 1114 1268 1168 propinquorum
1307 1130 1355 1156 ae
1393 1115 1750 1169 necessariorum,
1793 1116 1864 1169 qui

170 1198 267 1225 vere
301 1199 418 1226 meae
451 1185 578 1226 saluti
614 1184 819 1238 faverent,
852 1188 894 1225 te
928 1185 1251 1239 cupidissimum
1278 1187 1360 1227 mei
1388 1187 1733 1241 singularemque
1760 1185 1865 1227 mihi

169 1255 515 1297 benevolentiam
546 1255 816 1310 praestitisse
851 1256 1045 1310 cognovi.
1104 1256 1268 1310 reliqua
1308 1261 1407 1297 sunt
1445 1257 1672 1310 eiusmodi,
1711 1258 1865 1311 quibus

170 1340 264 1382 ego,
296 1327 500 1382 quoniam
532 1327 637 1369 haec
670 1329 792 1368 erant
826 1330 1040 1381 tempora,
1072 1327 1196 1369 facile
1230 1331 1272 1368 et
1305 1342 1440 1382 aequo
1474 1328 1615 1369 auimo
1650 1329 1864 1382 carebam3

119 1410 152 1435 15
169 1397 252 1438 hoc
283 1411 385 1439 vero
418 1398 629 1440 eiusmodi
662 1413 753 1440 esse
784 1401 942 1453 statuo,
973 1401 1021 1439 ut
1048 1399 1138 1440 sine
1166 1398 1317 1440 talium
1345 1399 1533 1440 virorum
1560 1402 1602 1440 et
1630 1400 1865 1440 amicorum

169 1468 470 1510 benevolentia
505 1484 644 1524 neque
676 1470 720 1510 in
753 1469 931 1511 adversa
962 1484 1099 1524 neque
1132 1470 1177 1511 in
1209 1470 1393 1512 secunda
1430 1470 1606 1511 fortuna
1638 1471 1865 1524 quisquam

170 1539 311 1581 vivere
337 1540 493 1595 possit:
525 1540 670 1595 itaque
696 1541 741 1582 in
767 1540 849 1583 hoo
876 1555 957 1596 ego
985 1540 1092 1581 mihi
1118 1542 1331 1596 gratulor3
1363 1544 1411 1582 tu
1439 1555 1536 1581 vero
1563 1543 1610 1581 ut
1637 1541 1864 1596 intellegas

169 1610 336 1652 homini
368 1610 630 1653 amicissimo
663 1614 706 1653 te
739 1611 943 1653 tribuisse
977 1611 1179 1665 officium,
1210 1627 1255 1653 re
1289 1612 1368 1653 tibi
1400 1612 1641 1667 praestabo.
1691 1612 1795 1653 vale.

879 1742 975 1784 XII.
1024 1741 1160 1799 (296.)

116 1851 150 1875 20
269 1835 520 1879 SERVIVS
553 1835 834 1879 oioERONI
865 1835 1183 1892 †SALVTEM
1217 1836 1509 1886 PLvfflssvs
1542 1837 1765 1879 VERBIS.

289 1931 387 1973 Etsi
432 1932 521 1974 scio
565 1947 651 1974 non
695 1932 1052 1974 iucundissimum
1096 1948 1162 1974 me
1207 1932 1405 1974 nuntium
1450 1932 1572 1974 vobis
1625 1932 1866 1988 allaturum,

169 2005 332 2058 tamen,
377 2003 581 2058 quoniam
627 2018 748 2045 casus
787 2007 831 2045 et
868 2007 1025 2045 natura
1064 2004 1109 2044 in
1145 2003 1271 2045 nobis
1309 2003 1573 2058 dominatur,
1618 2003 1756 2045 visum
1801 2006 1866 2045 est

169 2073 424 2130 faciendum,
450 2089 622 2129 quoquo
649 2075 776 2116 modo
804 2089 872 2116 res
899 2090 943 2116 se
969 2074 1162 2128 haberet,
1186 2089 1263 2116 vos
1291 2075 1494 2116 certiores
1521 2074 1672 2116 facere.
1724 2090 1758 2117 a.
1782 2075 1819 2115 d.
1840 2090 1864 2115 x

169 2143 221 2185 Κ.
248 2143 358 2199 Iun„
396 2159 494 2187 cum
526 2145 579 2186 ab
612 2145 833 2200 Epidauro
865 2144 1065 2187 Piraeum
1102 2146 1201 2186 navi
1234 2140 1437 2187 advectus
1471 2160 1626 2199 essem,
1663 2144 1724 2186 ibi
1755 2145 1864 2186 Mar—

115 2228 149 2253 25
170 2215 337 2271 cellum,
369 2215 594 2272 conlegam
619 2219 830 2271 nostrum,
863 2217 1042 2259 conveni
1075 2231 1255 2271 eumque
1289 2216 1401 2257 diem
1433 2216 1494 2257 ibi
1527 2216 1786 2271 consumpsi,
1818 2219 1865 2257 ut

170 2301 267 2328 cum
305 2301 356 2329 eo
395 2301 545 2329 essem.
607 2288 820 2343 †postero
859 2288 926 2329 die
966 2288 1018 2328 ab
1058 2302 1107 2329 eo
1146 2287 1364 2342 digressus
1408 2301 1546 2328 essem
1585 2302 1634 2328 eo
1673 2287 1865 2340 consilio,

287 2418 307 2448 2
335 2427 387 2459 sq.
419 2416 463 2451 de
493 2416 664 2451 Marcelli
695 2417 841 2451 dicendi
869 2428 994 2461 ρεπεν-ε
1024 2428 1054 2450 υ.
1083 2417 1113 2450 J.
1137 2416 1185 2449 H.
1208 2415 1369 2450 Sclmectlz
1396 2415 1435 2449 Z.
1456 2415 1481 2455 f.
1503 2415 1537 2449 cl.
1566 2415 1696 2458 Gymvn.
1718 2414 1860 2449 XXXV.

169 2465 270 2497 1881.
293 2474 331 2507 p.
355 2466 422 2496 128
435 2474 485 2508 sq.
516 2466 528 2507 ΙΙ
560 2463 718 2498 salutem
752 2463 844 2497 dicit
876 2465 907 2497 G
939 2465 950 2508 11
982 2467 1012 2496 3.
1046 2462 1242 2506 plurimum
1281 2462 1350 2495 GR
1383 2463 1495 2505 (MT),
1528 2461 1724 2506 plurimam
1753 2462 1803 2496 M.
1835 2475 1861 2496 ν.

167 2520 282 2554 supra
307 2511 417 2545 index
440 2511 452 2555 ΙΙ
478 2514 509 2545 4.
536 2522 574 2545 re
602 2511 649 2544 M
670 2516 702 2546 et
728 2510 763 2544 R
775 2512 798 2555 ²,
824 2512 877 2554 te,
904 2516 945 2545 ut
970 2511 1055 2552 vid„
1080 2510 1117 2544 R
1127 2509 1147 2552 ¹,
1173 2520 1237 2544 om.
1269 2511 1301 2543 (ι’
1320 2511 1331 2553 ΙΙ
1351 2509 1429 2542 tum
1458 2508 1528 2542 GR
1553 2509 1615 2553 (M
1620 2511 1656 2551 ¹),
1683 2510 1771 2542 tune
1798 2509 1865 2554 ΜξΙ

169 2559 201 2591 5.
228 2555 282 2603 O.]
310 2557 439 2591 consul
464 2559 528 2603 5211
549 2562 579 2593 6.
606 2569 680 2593 non
704 2557 807 2603 prius
834 2557 927 2592 mihi
957 2559 995 2591 m
1020 2569 1090 2591 ms.
1119 2557 1184 2590 MC
1209 2558 1365 2601 (intem-a
1391 2561 1509 2591 tamen
1536 2557 1574 2589 ιή
1599 2556 1648 2599 1))
1668 2558 1679 2600 Η
1701 2559 1730 2590 7.
1759 2555 1865 2590 effec-

167 2604 247 2638 tum
281 2605 451 2640 iteratum
484 2607 523 2640 in
556 2606 604 2639 M
629 2607 640 2650 ΙΙ
672 2610 702 2640 8,
736 2605 1048 2649 quemadmodum
1070 2624 1113 2628 —-
1135 2608 1166 2638 9.
1199 2602 1402 2648 gratulatio
1435 2614 1499 2637 om.
1537 2603 1606 2637 GR
1637 2604 1648 2647 ΙΙ
1680 2608 1709 2636 9.
1745 2602 1792 2636 ab
1826 2604 1865 2637 in

168 2662 238 2686 ras.
267 2651 328 2685 M¹
355 2664 399 2686 (ω
425 2651 494 2695 ati,
521 2658 561 2687 ut
587 2654 673 2695 vicl„
699 2653 746 2686 ad
776 2653 819 2695 G,
846 2665 910 2687 om.
938 2652 974 2687 R
994 2654 1005 2695 ΙΙ
1035 2655 1087 2685 12.
1116 2650 1188 2684 mei
1215 2649 1351 2696 <esse>
1382 2650 1588 2694 ll'eseozbery
1607 2651 1618 2693 ΙΙ
1639 2649 1864 2694 singularem

169 2708 279 2742 quem
303 2698 396 2732 mihi
421 2700 457 2734 R
476 2701 488 2744 ΙΙ
508 2703 562 2734 15.
590 2699 760 2734 uiuorum
787 2701 825 2733 et
850 2700 885 2733 R
905 2701 916 2743 ῙΙ
937 2702 989 2733 17.
1019 2698 1144 2731 uiuere
1173 2698 1243 2731 GR
1269 2698 1381 2740 (ΜΓ),
1407 2696 1532 2730 uidere
1561 2697 1604 2729 M
1621 2698 1633 2740 11
1652 2698 1693 2730 ut
1717 2708 1782 2731 om.
1804 2696 1841 2731 R

171 2749 224 2780 18.
251 2745 394 2781 homini
419 2748 592 2781 adrasum
619 2748 657 2781 in
684 2747 732 2781 M
751 2748 762 2790 ΙΙ
788 2750 842 2780 20.
872 2746 1138 2789 ‘'useriptioozem
1165 2756 1230 2779 om.
1261 2744 1332 2779 GR
1357 2745 1368 2788 ΙΙ
1395 2743 1459 2778 sal.
1486 2743 1579 2788 plur.
1607 2745 1746 2786 Rwler,
1774 2756 1801 2778 s.
1827 2743 1862 2778 d,

168 2803 196 2827 Β.
217 2803 250 2827 V.
270 2792 306 2828 b.
327 2803 357 2828 e.
378 2800 414 2829 V.
445 2793 557 2828 Orelli
575 2795 586 2837 ΙΙ
605 2798 647 2827 21
665 2805 717 2837 sq.
744 2796 790 2835 cs.
818 2793 980 2828 Schmalz
1007 2793 1026 2825 7.
1055 2793 1088 2826 d.
1115 2803 1149 2835 7).
1172 2796 1216 2825 90
1229 2804 1276 2835 sq.
1298 2792 1309 2834 ll
1329 2794 1383 2825 22.
1412 2790 1518 2825 nobis
1546 2791 1600 2832 R,
1626 2789 1732 2824 bonis
1759 2790 1863 2831 MGss'

169 2839 408 2875 dominantur
440 2841 508 2875 aliz·
544 2842 555 2883 ΙΙ
593 2845 648 2874 22.
670 2845 726 2874 23.
752 2839 872 2873 visum
905 2841 961 2873 est
992 2838 1384 2872 faciendum—facere
1416 2839 1460 2872 ab
1499 2838 1583 2871 aliis
1615 2838 1720 2871 aliter
1754 2841 1861 2881 temp-

167 2890 246 2921 tata
271 2888 350 2922 iwre
375 2892 567 2923 tenueram
593 2887 754 2921 Sclemalz
781 2888 834 2931 (p.
859 2891 923 2920 123
938 2888 1003 2930 sq.)
1028 2891 1059 2920 et
1087 2886 1154 2919 1²12.
1180 2885 1395 2919 Thielmann
1420 2885 1586 2927 (Archiv
1611 2886 1637 2926 f.
1666 2885 1728 2919 lat.
1751 2885 1861 2919 Lexi-

167 2934 276 2978 coyr.’
299 2934 350 2969 111
371 2947 409 2979 p.
434 2936 516 2979 181)
535 2936 546 2978 ll
573 2939 626 2969 23.
655 2945 801 2977 quoquo
828 2933 937 2967 modo
965 2933 1026 2975 M,
1055 2942 1126 2976 quo
1153 2932 1337 2975 quomodo
1367 2933 1417 2974 (ι’,
1443 2942 1514 2975 quo
1541 2931 1650 2965 modo
1676 2931 1712 2966 R
1742 2933 1754 2975 ΙΙ
1785 2941 1861 2965 cer-

167 2979 273 3015 tioris
299 2981 348 3016 M
373 2983 385 3025 Η
416 2985 471 3016 24.
500 2981 668 3026 epitauro
698 2981 768 3015 (1'R
793 2985 804 3020 Η
832 2980 973 3024 pireum
993 2980 1053 3022 M,
1080 2983 1112 3014 et
1140 2979 1189 3014 G'
1216 2992 1259 3014 ex
1283 2990 1450 3023 pereum,
1482 2988 1635 3022 pureum
1662 2978 1715 3022 R,
1741 2977 1860 3022 pirae-

167 3036 251 3061 eum
278 3038 298 3064 ς
329 3030 341 3072 ΙΙ
371 3032 426 3063 24.
454 3032 510 3063 25.
539 3028 650 3074 (M)
678 3026 897 3062 Marcellum
925 3027 1052 3069 Orelli,
1079 3027 1162 3061 bene
1193 3028 1204 3070 Η
1235 3030 1290 3060 25.
1318 3024 1474 3060 eonueni
1500 3024 1627 3069 ibique
1654 3036 1736 3059 eum
1763 3024 1862 3059 diem

165 3074 379 3120 consumpsi
407 3076 440 3110 G
470 3078 481 3118 ΙΙ
513 3086 669 3120 eumque
697 3076 755 3117 M,
788 3085 945 3118 cumque
970 3075 1006 3110 R
1037 3075 1048 3117 ΙΙ
1079 3076 1134 3107 26.
1169 3072 1228 3108 die
1258 3073 1328 3107 GR
1359 3074 1423 3107 Mc
1450 3072 1530 3116 (P),
1566 3071 1665 3107 diem
1692 3072 1769 3116 Μ’,
1801 3071 1862 3106 die

166 3129 248 3154 cum
275 3132 295 3159 ς
333 3124 344 3165 ΙΙ
381 3132 499 3156 essem
527 3123 586 3164 M,
619 3133 701 3157 cum
735 3132 851 3156 essem
888 3122 976 3165 GR,
1008 3132 1090 3155 sum
1121 3120 1298 3157 Screicher
1329 3120 1504 3165 (μ153),
1539 3120 1624 3162 fort.
1656 3123 1746 3155 recte
1775 3121 1788 3163 ΙΙ
1819 3130 1861 3153 eo

165 3176 263 3203 cons.
291 3168 384 3213 ΜΘ,
409 3168 449 3203 in
475 3179 573 3205 cons.
601 3170 637 3204 R

1896 1944 1910 1973 1
