2242 3496
435 159 518 200 114
1035 157 1082 192 M.
1111 157 1251 191 TVLLI
1278 156 1529 192 CICERONIS

359 280 400 309 10
431 268 617 322 gloriola
654 269 804 307 nostra
842 265 1123 319 perfruamur.
1178 265 1246 306 his
1280 266 1330 306 de
1362 266 1491 307 rebus
1524 265 1626 320 quid
1658 269 1831 309 acturus
1866 268 1943 323 sis,
1982 269 2017 309 si
2049 269 2132 310 tibi

376 378 379 382 .
428 353 516 379 non
548 341 614 379 est
647 338 896 389 molestum,
934 336 1146 377 rescribas
1186 336 1292 377 mihi
1330 337 1477 391 velim3
1516 337 1551 378 si
1585 337 1698 378 enim
1730 339 1912 392 suscipis
1946 354 2132 393 causam,

377 928 390 956 1

373 1354 392 1383 10

428 409 651 449 conficiam
694 406 1026 448 cdffnmentarios
1068 422 1212 448 rerum
1255 407 1466 461 omnium,
1508 407 1573 448 sin
1612 411 1756 449 autem
1796 409 1941 451 differs
1980 424 2048 450 me
2086 411 2131 450 in

425 482 595 532 tempus
628 478 762 530 aliud,
804 492 948 519 coram
981 481 1123 518 tecum
1155 478 1319 532 loquar.
1377 481 1425 519 tu
1457 478 1623 519 interea
1654 493 1739 519 11011
1773 480 1961 521 cessabis
1995 483 2039 521 et
2070 495 2132 535 ea,

425 564 532 603 quae
566 549 698 589 habes
731 548 954 603 instituta,
986 548 1200 603 perpolies
1233 563 1397 603 nosque
1431 549 1598 604 diliges.
2167 565 2184 590 5

1119 702 1238 744 xm.
1291 701 1429 759 (290.)

776 808 834 851 M.
869 807 1082 851 CICERO
1119 809 1159 852 s.
1192 809 1245 851 D.
1277 809 1323 850 L.
1357 807 1610 852 LVCCEIO
1647 809 1694 859 Q.
1727 809 1774 852 F.

541 914 812 970 Quamquam
844 917 940 971 ipsa
973 917 1212 958 consolatio
1251 916 1498 957 litterarum
1532 919 1705 958 tuarum
1739 916 1845 957 mihi
1877 917 2130 972 gratissima

420 990 486 1028 cst
514 1012 567 1016 ψ
597 987 787 1028 declarat
821 987 935 1028 enim
969 1002 1184 1028 summam
1216 987 1562 1028 benevolentiam
1601 987 1874 1029 coniunctam
1906 989 2001 1042 pari
2032 1004 2128 1043 pru-

420 1059 567 1099 dentia
591 1083 668 1113 —,
706 1061 852 1100 tamen
890 1058 1013 1099 illum
1050 1045 1242 1100 fructum
1276 1073 1326 1099 ex
1359 1058 1419 1099 eis
1453 1057 1612 1099 litteris
1644 1059 1710 1099 vel
1753 1059 1990 1100 maximum
2023 1060 2127 1114 cepi,
2149 1076 2181 1099 10

419 1130 533 1184 quod
578 1133 620 1170 te
666 1130 884 1184 praeclare
930 1145 997 1171 res
1036 1130 1249 1171 humanas
1289 1131 1636 1170 contemnentem
1677 1132 1720 1170 et
1762 1132 1937 1183 optume
1976 1133 2128 1172 contra

420 1200 640 1242 fortunam
673 1204 873 1255 paratum
914 1205 1215 1255 armatumque
1249 1200 1450 1255 cognovi,
1493 1215 1621 1254 quam
1661 1200 1832 1254 quidem
1862 1201 2033 1242 laudem
2065 1216 2128 1242 sa-

417 1272 606 1325 pientiae
641 1275 786 1314 statuo
820 1287 912 1314 esse
946 1271 1192 1326 maximam,
1222 1286 1310 1312 non
1345 1271 1514 1312 aliunde
1546 1271 1729 1325 pendere
1755 1286 1834 1313 nec
1861 1272 2126 1314 extrinsecus

419 1346 493 1383 aut
525 1343 632 1384 bene
672 1347 746 1384 aut
785 1343 896 1384 male
936 1343 1106 1384 vivendi
1146 1356 1376 1396 suspensas
1414 1341 1573 1382 habere
1613 1341 1815 1383 rationes.
1873 1357 1980 1397 quae
2013 1344 2127 1399 cogi-

418 1414 528 1455 tatio
575 1429 671 1455 cum
715 1414 823 1455 mihi
867 1429 954 1455 non
1007 1413 1182 1455 omnino
1235 1412 1465 1454 excidisset
1504 1437 1556 1441 ψ
1597 1412 1757 1454 etenim
1800 1413 1973 1467 penitus
2018 1414 2125 1456 inse-
2146 1431 2179 1454 15

421 1485 543 1526 derat
576 1510 644 1539 —,
677 1486 718 1526 vi
751 1488 898 1526 tamen
931 1487 1241 1539 tempestatum
1275 1487 1318 1525 et
1351 1498 1560 1525 concursu
1594 1483 1894 1525 calamitatum
1926 1487 2020 1526 erat
2053 1486 2126 1527 ali-

417 1559 626 1610 quantum
659 1556 924 1597 labefactata
957 1558 1086 1610 atque
1119 1555 1341 1610 convulsa3
1375 1555 1442 1596 cui
1475 1559 1516 1596 te
1550 1554 1757 1609 opitulari
1785 1557 1827 1596 et
1852 1555 1974 1597 video
2007 1559 2051 1597 et
2081 1556 2125 1598 id

416 1628 570 1669 fecisse
604 1628 735 1669 etiam
768 1627 976 1681 proximis
1009 1626 1169 1668 litteris
1202 1627 1473 1680 multumque
1506 1625 1740 1680 profecisse
1773 1626 1925 1668 sentio.
1976 1627 2124 1682 itaque

416 1699 498 1740 hoc
531 1699 702 1753 saepius
736 1698 961 1740 dicendum
994 1699 1160 1752 tibique
1192 1712 1279 1738 non
1319 1697 1649 1752 significandum
1689 1697 1847 1752 solum,
1886 1698 1959 1738 sed
1992 1697 2124 1739 etiam

417 1770 722 1811 declarandum
757 1770 963 1823 arbitror,
1002 1768 1111 1810 nihil
1145 1768 1251 1809 mihi
1285 1782 1377 1809 esse
1409 1767 1602 1821 potuisse
1634 1767 1721 1808 tuis
1753 1768 1912 1809 litteris
1945 1769 2123 1823 gratius.
2144 1785 2178 1809 20

417 1842 469 1882 ad
503 1842 813 1883 consolandum
847 1844 990 1882 autem
1025 1855 1121 1882 cum
1153 1840 1230 1880 illa
1261 1839 1422 1893 valent,
1462 1854 1570 1893 quae
1609 1839 1829 1894 eleganter
1867 1839 2123 1894 copioseque

418 1912 652 1967 collegisti,
692 1916 786 1954 tum
824 1913 933 1953 nihil
972 1912 1068 1966 plus
1109 1926 1238 1965 quam
1278 1910 1392 1964 quod
1430 1910 1739 1951 firmitudinem
1778 1911 2123 1965 gravitatemque

417 1983 549 2024 animi
583 1983 647 2024 tui
679 1984 890 2038 perspexi,
923 1998 1052 2038 quam
1077 1997 1165 2023 non
1191 1980 1355 2022 imitari
1383 1980 1684 2035 turpissimum
1710 1981 1921 2023 existimo.
1975 1981 2121 2036 itaque

416 2053 498 2095 hoc
537 2054 669 2095 etiam
707 2054 932 2096 fortiorem
971 2068 1037 2095 me
1076 2056 1182 2107 puto
1223 2067 1351 2106 quam
1390 2054 1432 2093 te
1471 2051 1633 2106 ipsum,
1674 2055 2000 2106 praeceptorem
2036 2051 2120 2093 for-

416 2125 635 2179 titudinis,
681 2126 795 2180 quod
833 2128 881 2166 tu
920 2125 1027 2166 mihi
1071 2124 1214 2165 videre
1254 2138 1375 2178 spem
1418 2123 1670 2164 nonnullam
1708 2123 1867 2164 habere
1904 2123 2011 2164 haec
2048 2123 2123 2164 ali·
2141 2140 2176 2165 25

416 2196 584 2249 quando
617 2196 763 2237 futura
796 2196 993 2249 meliora,
1026 2209 1150 2236 casus
1184 2194 1297 2235 enim
1330 2193 1578 2249 gladiatorii
1614 2193 2004 2248 similitudinesque
2036 2208 2121 2247 eae,

416 2270 508 2307 tum
541 2267 731 2309 rationes
771 2268 816 2308 in
854 2282 903 2308 ea
941 2266 1235 2320 disputatione
1269 2280 1293 2306 a
1325 2267 1367 2306 te
1402 2264 1606 2306 collectae
1648 2264 1856 2306 vetabant
1887 2279 1954 2306 me
1986 2264 2048 2305 rei
2079 2279 2119 2318 p.

415 2338 587 2392 penitus
626 2338 832 2379 diffidere.
889 2338 1033 2391 itaque
1073 2338 1258 2378 alterum
1290 2336 1431 2376 minus
1470 2335 1645 2385 mirum,
1683 2335 1909 2377 fortiorem
1941 2338 1984 2376 te
2015 2349 2119 2390 esse,

416 2424 512 2450 cum
545 2410 707 2464 aliquid
741 2423 903 2463 speres,
936 2409 1121 2449 alterum
1153 2407 1327 2461 mirum,
1360 2421 1433 2461 spe
1466 2406 1555 2447 ulla
1586 2406 1741 2461 teneri3
1773 2406 1875 2461 quid
1907 2408 1973 2447 est
2004 2406 2118 2447 enim

416 2495 503 2521 11011
540 2481 603 2521 ita
641 2480 873 2533 adfectum,
914 2482 963 2520 ut
1000 2479 1043 2519 id
1082 2494 1167 2520 non
1207 2478 1395 2519 deletum
1434 2477 1756 2531 extinctumque
1795 2492 1889 2518 esse
1926 2476 2118 2518 fateare?
2137 2495 2171 2519 :50

417 2552 695 2605 circumspice
724 2551 868 2593 omnia
893 2551 1087 2591 membra
1119 2550 1180 2591 rei
1213 2565 1264 2604 p.,
1299 2564 1406 2603 quae
1438 2549 1669 2590 notissima
1695 2551 1795 2589 sunt
1821 2547 1920 2589 tibi:
1952 2547 2118 2589 nullum

534 2695 564 2725 2,
594 2690 775 2735 suscipias
804 2692 836 2726 G
868 2692 879 2735 ΙΙ
911 2695 940 2725 3,
976 2690 1033 2724 sin
1064 2691 1123 2734 M,
1158 2689 1188 2724 si
1220 2690 1273 2733 R,
1312 2694 1343 2724 et
1377 2690 1434 2725 G2
1466 2701 1510 2724 ew
1542 2688 1576 2723 ei
1607 2690 1619 2733 ΙΙ
1652 2692 1682 2722 9.
1712 2692 1765 2723 10.
1801 2686 2039 2732 prudentiam
2069 2686 2116 2721 R.

415 2738 636 2781 prudentiae
666 2740 715 2773 rel
742 2738 881 2785 (cum)
902 2737 1103 2782 prudentia
1121 2738 1157 2772 J.
1173 2739 1206 2772 S.
1225 2750 1294 2771 ran
1314 2738 1408 2772 Veen,
1432 2737 1571 2781 (Herm.
1593 2735 1712 2769 XXIII
1733 2747 1772 2780 p.
1793 2735 1885 2780 317),
1911 2735 2094 2769 inutiliter

418 2790 470 2818 10.
499 2785 567 2831 eis]
595 2786 641 2819 iis
670 2786 719 2829 G,
752 2786 810 2819 his
837 2786 918 2819 MR
950 2788 960 2829 ΙΙ
993 2790 1046 2819 11.
1075 2785 1214 2829 optime
1243 2786 1276 2819 (γ’
1307 2786 1318 2829 ΙΙ
1351 2788 1404 2818 12.
1434 2787 1488 2818 13.
1523 2783 1731 2828 sapientiae
1758 2781 1899 2826 statuo]
1933 2780 2119 2825 sapientia

417 2835 470 2864 est
499 2835 585 2866 atuo
612 2834 672 2876 nl,
707 2832 914 2877 sapientiae
948 2834 1099 2866 autumo
1129 2833 1216 2875 GR,
1250 2833 1344 2876 quod
1376 2833 1599 2866 commendat
1624 2830 1800 2865 Streicher
1824 2831 1877 2873 (p.
1901 2830 2000 2872 170),
2031 2832 2116 2872 fort.

418 2884 515 2913 recte.
549 2885 696 2915 ceterum
731 2893 761 2915 r.
788 2881 886 2914 Plat.
914 2880 1056 2914 Menae.
1085 2880 1207 2914 247E
1234 2881 1245 2923 ΙΙ
1279 2883 1331 2913 13.
1364 2878 1568 2912 maximum
1596 2878 1629 2912 G
1661 2879 1673 2921 ΙΙ
1705 2880 1758 2910 16.
1791 2876 2020 2919 tempestatu
2046 2877 2092 2910 M
2107 2880 2119 2922 ῃ

422 2928 472 2958 17.
502 2928 537 2959 et
564 2926 715 2973 <1111110>
742 2926 851 2961 video
879 2926 1088 2971 Il'esenberq
1108 2929 1118 2971 ΙΙ
1140 2930 1193 2960 20.
1222 2926 1358 2961 litteris
1384 2938 1450 2961 om.
1479 2926 1513 2960 G
1538 2927 1548 2969 ΙΙ
1577 2928 1632 2958 22.
1660 2923 1759 2967 quod
1785 2934 1851 2958 om.
1880 2923 2018 2967 G1123.
2046 2923 2117 2957 ita-

418 2972 504 3017 que]
533 2975 642 3016 atque
670 2976 749 3017 alii,
774 2978 858 3016 sort.
886 2978 975 3008 recte
1005 2975 1016 3017 Η
1049 2978 1102 3007 24.
1130 2974 1200 3008 hoc
1226 2986 1291 3009 om.
1321 2974 1354 3007 G
1386 2975 1397 3017 Η
1429 2977 1483 3007 25.
1510 2971 1649 3006 videris
1676 2971 1898 3015 lVesenbery,
1925 2975 1958 3004 et
1982 2971 2119 3006 Becher

418 3019 681 3061 ‹fisncltessnsclmz
714 3024 740 3064 f.
773 3023 878 3056 Mass.
905 3021 1038 3054 Philol.
1074 3025 1164 3054 1589
1192 3033 1229 3065 1).
1253 3024 1368 3065 1228).
1409 3032 1440 3055 r.
1468 3019 1570 3054 Neue
1594 3017 1651 3052 Π2
1677 3029 1716 3061 p.
1738 3020 1805 3050 395
1837 3018 1848 3062 ΙΙ
1880 3021 1935 3052 26.
1971 3017 2116 3063 gladia-

418 3068 537 3097 fffl‘um
565 3079 583 3103 ς
610 3069 620 3109 Η
647 3072 699 3102 27.
728 3069 911 3103 uetabunt
936 3069 970 3101 ,Ω
989 3069 1000 3111 Η
1019 3067 1070 3101 rei
1097 3080 1130 3112 p.
1159 3069 1213 3112 M,
1241 3068 1285 3101 de
1312 3080 1338 3102 r.
1366 3079 1400 3112 p¹
1431 3067 1502 3101 GR
1526 3068 1538 3111 ll
1563 3069 1617 3100 28.
1645 3065 1682 3099 te
1709 3076 1774 3100 om.
1801 3065 1838 3100 R
1863 3066 1874 3110 ΙΙ
1900 3068 1954 3100 29.
1981 3065 2116 3100 mirum

417 3123 483 3147 om.
511 3113 541 3145 (i
562 3115 572 3157 ’ῃΙ
593 3120 645 3147 ew.
675 3126 753 3149 csse
779 3127 843 3150 om.
874 3116 907 3150 G
