2242 3496
768 142 1106 176 EPlS'l‘VLARVM
1134 142 1226 177 Vlll.
1254 148 1285 177 8.
1794 144 1876 183 195

179 249 306 290 vilius
350 249 401 290 de
446 249 691 303 repetundis
739 251 909 291 saucius
957 250 1064 291 l'ilio
1111 251 1324 303 tradetur3
1374 265 1472 292 nam
1518 251 1567 291 de
1612 251 1876 292 divinatione

178 318 358 374 Appius,
389 334 486 361 cum
514 320 770 362 calumniam
801 321 995 365 iurasset.
1028 322 1284 362 contendere
1317 336 1446 362 ausus
1475 336 1561 362 non
1589 325 1655 362 est
1684 321 1876 376 Pilioque

177 389 326 443 cessit,
364 393 407 430 et
445 389 536 444 ipse
575 391 625 432 de
664 392 856 445 pecuniis
889 393 1137 446 repetundis
1169 409 1194 433 a
1227 393 1420 433 Serviliis
1459 396 1525 433 est
1556 392 1803 446 postulatus
1836 396 1878 433 et

179 464 400 514 praeterea
439 460 489 501 de
530 461 569 502 vi
609 477 705 502 reus
744 478 767 502 a
806 463 990 517 quodam
1035 478 1112 503 suo
1159 463 1399 517 muissario,
1445 462 1485 505 S.
1518 463 1682 515 Tettio,
1726 463 1878 504 sactus.

143 534 294 573 srecte
339 532 418 573 hoc
466 547 542 586 par
588 532 729 574 habet.
799 534 913 587 quod
958 534 1008 574 ad
1054 549 1142 574 rein
1188 535 1405 588 publicum
1452 534 1659 587 pertinet,
1705 534 1879 574 omuino

178 601 327 643 multis
366 603 516 643 diebus
555 604 876 657 exspectatione
917 603 1155 645 Galliarum
1195 609 1339 646 actum
1379 605 1484 646 nihil
1524 608 1607 658 est,
1647 605 1878 659 aliquando

178 676 321 713 lamen
354 688 480 728 saepe
514 689 556 714 re
590 674 724 715 dilata
756 679 799 715 et
831 675 1022 729 graviter
1049 679 1143 716 acta
1177 679 1220 716 et
1253 677 1377 730 plane
1404 680 1629 730 perspecta
1657 675 1730 718 Cn.
1756 676 1880 718 Pom-

177 743 246 797 pei
293 744 514 785 voluntate
554 745 596 785 in
635 760 728 786 eam
768 748 952 799 partem,
997 751 1044 786 ut
1089 761 1184 786 eum
1229 747 1430 788 decedere
1476 750 1575 800 post
1614 746 1663 788 K.
1699 747 1879 788 Martias

176 814 384 868 placeret,
428 818 602 856 senatus
642 816 907 868 consultum,
952 817 1064 870 quod
1106 817 1185 856 tibi
1229 818 1345 865 misi,
1390 819 1553 858 sactum
1593 821 1658 859 est
1696 818 1880 860 auctori-

126 899 160 924 ιο
178 887 376 940 tatesque
407 887 683 940 perscriptae.

124 1254 157 1278 15

122 1609 157 1633 20

297 955 501 1010 [Senatus
524 958 751 999 consultum
777 958 1035 1012 auctoritas]
1069 959 1139 999 Pr.
1166 959 1220 1000 K.
1252 959 1432 1000 Octobris
1466 961 1507 1000 ἱη
1535 962 1631 1001 aede
1656 960 1876 1012 Apollinis.
1905 972 1919 988 f

176 1028 292 1069 scrib.
342 1027 566 1080 adfuerunt
604 1028 650 1069 L.
678 1028 891 1070 Domitius
935 1028 1006 1070 Cn.
1037 1029 1066 1081 f.
1100 1029 1203 1070 Fab.
1236 1030 1549 1083 Ahenobarbus,
1600 1034 1644 1083 Q.
1678 1031 1879 1073 Caecilius

183 1097 231 1150 Q.
264 1098 296 1151 f.
334 1099 439 1141 Fab.
485 1099 676 1141 Metellus
720 1099 823 1142 Pius
867 1100 1025 1153 Scipio,
1078 1101 1126 1142 L.
1165 1101 1313 1142 Villius
1357 1101 1404 1141 L.
1447 1102 1477 1153 f.
1523 1102 1636 1143 Pom.
1682 1103 1878 1155 Annalis,

180 1168 224 1211 C.
249 1168 474 1223 Septimius
506 1170 552 1211 T.
581 1170 612 1222 f.
647 1170 757 1222 Qui„
799 1170 841 1212 C.
867 1171 1057 1212 Lucilius
1088 1170 1129 1212 C.
1159 1170 1192 1223 f.
1223 1171 1326 1224 Pup.
1354 1172 1531 1222 Hirrus,
1575 1173 1615 1215 C.
1643 1172 1880 1214 Scribonius

177 1239 221 1282 C.
251 1241 282 1292 f.
314 1240 414 1294 Pop.
446 1241 590 1296 Cur-io,
627 1241 675 1282 L.
709 1242 854 1283 Ateius
886 1242 932 1282 L.
963 1242 994 1293 fl
1027 1243 1110 1283 An.
1142 1242 1304 1295 Capito,
1344 1243 1404 1284 M.
1437 1243 1599 1297 Eppius
1634 1244 1692 1284 M.
1722 1245 1754 1295 f.
1789 1244 1877 1285 Ter.

174 1312 283 1364 quod
311 1312 375 1354 M.
402 1312 629 1354 BIareellus
666 1326 740 1354 eos.
772 1328 806 1353 v.
836 1313 866 1364 f.
908 1313 955 1354 cle
990 1314 1219 1366 provinciis
1262 1314 1562 1364 consularibus,
1607 1316 1643 1355 (Ι.
1669 1329 1699 1355 e.
1726 1331 1756 1355 r.
1786 1316 1810 1355 ἱ.
1836 1330 1879 1368 e.,

175 1383 239 1424 uti
256 1383 305 1424 L.
328 1382 507 1425 Paullus
527 1383 567 1425 C.
591 1384 816 1425 Marcellus
841 1397 927 1438 cos,
953 1398 1044 1425 cum
1070 1385 1360 1438 mayistratum
1389 1386 1566 1439 inissent,
1593 1400 1641 1426 ea:
1661 1386 1715 1426 K.
1736 1387 1878 1438 Illart„

175 1467 279 1507 quae
315 1455 362 1496 in
400 1468 473 1496 suo
510 1456 756 1508 mayae'stratu
791 1456 960 1507 suturae
990 1459 1133 1508 essent,
1172 1457 1220 1497 de
1255 1456 1536 1498 consularibus
1571 1458 1793 1509 provinciis
1825 1458 1881 1498 ad

175 1529 361 1567 senatum
394 1526 607 1578 referrent,
648 1540 743 1568 neve
779 1527 881 1580 quid
907 1528 1032 1580 prius
1061 1540 1110 1568 eas
1141 1527 1194 1568 K.
1224 1527 1353 1569 Mart.
1385 1528 1441 1569 ad
1470 1531 1653 1569 senatum
1686 1529 1880 1579 referrent

175 1610 270 1638 neve
299 1596 401 1650 quid
429 1597 689 1650 coniunctim,
721 1597 794 1650 [cle
824 1611 870 1639 ea
903 1612 946 1638 re
979 1597 1198 1649 referretur
1228 1612 1255 1639 a
1286 1598 1510 1652 consiliis]
1544 1599 1679 1651 utique
1704 1600 1790 1640 eius
1822 1600 1879 1640 rei

174 1681 301 1710 causa
328 1682 407 1721 per
443 1669 528 1710 dies
565 1669 787 1710 covu'tiales
817 1672 1006 1710 senatum
1042 1669 1234 1710 baberent
1270 1671 1477 1722 senatique
1513 1670 1737 1711 consultum
1775 1671 1878 1721 suce-

175 1742 281 1793 rent,
318 1742 373 1792 et,
410 1752 502 1780 cum
533 1740 580 1780 de
610 1753 659 1780 ea
690 1753 732 1780 re
761 1740 818 1780 ad
846 1743 1031 1781 senatum
1062 1741 1296 1793 referretur,
1335 1755 1361 1782 a
1393 1742 1593 1795 consiliis,
1631 1743 1702 1793 qui
1740 1755 1878 1781 eorum

294 1871 324 1901 1.
350 1866 563 1912 repetendis
590 1869 624 1901 ,Ω
655 1869 665 1911 ΙΙ
697 1872 728 1902 4.
756 1867 948 1902 emissario
976 1868 1010 1903 S.
1037 1868 1160 1903 Tettio
1187 1870 1326 1904 (tuticus
1351 1870 1499 1914 quidam
1524 1870 1714 1908 Munatii,
1741 1869 1877 1903 emissa

173 1914 331 1949 rustetio
355 1914 444 1960 <-ci0
469 1915 520 1959 R)
546 1916 580 1949 Ω
616 1917 628 1959 Η
665 1919 696 1950 5.
722 1915 875 1960 publica
901 1916 950 1949 M
975 1917 986 1959 ΙΙ
1019 1919 1049 1950 6.
1078 1918 1135 1950 est
1165 1927 1231 1951 om.
1262 1917 1333 1951 GR
1365 1919 1376 1961 ΙΙ
1410 1920 1438 1950 7.
1472 1916 1653 1962 graviter]
1690 1917 1878 1962 ignaviter

174 1963 353 2008 Pluyyers
377 1963 411 2006 (1
435 1974 473 2007 p.
495 1964 578 2006 275)
598 1965 609 2007 ΙΙ
629 1966 660 1997 8.
688 1962 818 1997 martis
838 1963 888 1997 M
901 1965 912 2007 ΙΙ
933 1967 964 1998 9.
992 1962 1182 1997 consultus
1204 1964 1257 1998 M.
1296 1964 1507 1998 consultum
1524 1985 1564 1989 —
1582 1969 1635 1998 11.
1664 1963 1874 1998 consultum

173 2021 239 2045 mn.
275 2009 347 2045 GR
383 2011 395 2054 ΙΙ
433 2013 487 2044 11.
521 2012 673 2044 senatus
708 2010 918 2044 consultum
950 2011 1053 2053 ([-tus
1079 2011 1142 2055 M)
1176 2011 1380 2045 auctoritas
1416 2013 1567 2055 inclusi,
1605 2013 1650 2055 ef.
1677 2012 1874 2046 fllommseu

176 2057 433 2092 ‘Staatsrecht’
461 2057 512 2091 ΙΠ
540 2069 578 2102 p.
601 2060 703 2097 1008,
726 2061 755 2092 1.
801 2069 828 2092 s.
857 2069 884 2092 c.
920 2057 1164 2092 auctoritates
1196 2059 1367 2102 (-tesque
1394 2059 1619 2104 ll'esenbery)
1651 2059 1847 2093 Blanutius

175 2107 229 2139 12.
257 2103 365 2139 scrib.
393 2104 448 2148 M,
474 2104 614 2149 scripta
641 2105 714 2140 GR
738 2107 750 2149 ΙΙ
774 2104 799 2139 f.
826 2117 891 2140 om.
921 2105 993 2140 GR
1013 2107 1024 2149 ss
1043 2105 1131 2139 Fab.
1163 2106 1287 2149 Orelli,
1313 2105 1437 2140 fabius
1463 2107 1497 2140 Ω
1516 2108 1527 2150 ΙΙ
1546 2106 1816 2140 Ahenobarbus
1834 2128 1873 2129 j

175 2155 228 2187 13.
261 2151 351 2187 Fab.
390 2163 455 2187 om.
493 2152 565 2187 GR
602 2154 613 2196 ΙΙ
653 2156 706 2187 12.
744 2151 785 2194 Q.
822 2151 1021 2198 Caecilius]
1061 2152 1213 2196 quintus
1252 2152 1391 2187 caelius
1424 2154 1472 2187 M
1504 2155 1515 2197 ΙΙ
1555 2157 1607 2187 13.
1648 2153 1770 2188 fabius
1803 2154 1852 2187 M

174 2199 198 2233 f.
225 2198 398 2234 metellus
422 2199 460 2234 R
478 2200 490 2243 ΙΙ
509 2198 597 2233 Pius
617 2199 742 2244 Scipio
761 2199 800 2234 L.
814 2199 952 2233 Villius
978 2199 1016 2233 L.
1037 2199 1079 2244 f.]
1107 2198 1190 2243 pius
1217 2199 1333 2244 scipio
1359 2199 1382 2234 l.
1410 2200 1473 2234 iul.
1501 2200 1523 2235 1,
1546 2200 1568 2234 f.
1591 2201 1645 2244 M,
1672 2213 1705 2245 p.
1734 2200 1875 2245 scippio

174 2246 198 2281 l.
223 2246 288 2282 iul.
314 2245 338 2282 l.
365 2246 441 2281 fab.
471 2248 521 2290 G,
553 2259 588 2291 p.
615 2246 732 2291 scipio
758 2247 781 2281 1.
809 2246 921 2280 iulius
947 2246 971 2281 l.
998 2246 1022 2281 f.
1050 2247 1086 2281 R
1123 2248 1134 2290 ΙΙ
1176 2252 1227 2281 14.
1255 2247 1403 2290 quirina
1434 2247 1503 2292 (-ni
1531 2248 1580 2291 G)
1607 2249 1657 2291 Ω,
1689 2249 1750 2282 secl
1782 2249 1876 2281 uotis

173 2294 260 2329 haee
290 2295 497 2338 perscripta
533 2299 647 2329 erant.
698 2296 744 2337 ef.
779 2295 998 2329 Kubitschelc
1037 2294 1100 2328 ‘cle
1130 2294 1235 2328 Rom.
1268 2296 1366 2329 trib?
1407 2307 1442 2339 p.
1468 2299 1530 2337 34,
1559 2299 1624 2328 151
1664 2296 1675 2338 ΙΙ
1711 2293 1875 2328 Lucilius

174 2341 396 2387 Nipperdey.
423 2340 544 2375 lucius
572 2343 615 2385 Ω,
643 2341 806 2376 lucceius
833 2353 864 2378 ς.
915 2342 961 2384 ef.
989 2341 1151 2375 lVillems
1179 2342 1224 2376 'le
1249 2343 1365 2376 se'nut'
1394 2342 1410 2375 I
1434 2354 1468 2386 p.
1491 2346 1559 2375 520
1578 2344 1589 2386 Η
1609 2341 1699 2385 Pup.
1727 2341 1873 2386 Hirrus]

173 2388 372 2434 puphirrus
398 2389 537 2432 21115.
565 2388 685 2423 ateius
712 2389 765 2431 M,
793 2390 833 2422 at
858 2387 936 2422 eius
963 2388 1011 2431 R,
1038 2387 1203 2422 natteius
1231 2389 1264 2423 G
1284 2391 1295 2433 ΙΙ
1314 2390 1381 2423 An.
1409 2388 1556 2434 Capito]
1585 2388 1760 2433 anoapito
1782 2388 1872 2431 MG,

175 2446 223 2470 an
247 2435 372 2480 capito
399 2435 435 2470 R
461 2447 541 2470 eum
565 2440 657 2479 spat.
689 2439 731 2469 10
758 2437 827 2470 litt.
848 2440 931 2480 post
957 2435 1092 2479 capito.
1137 2435 1220 2469 Ani.
1242 2434 1374 2480 Capito
1399 2437 1615 2470 li'ubitsehek
1633 2438 1644 2480 ΙΙ
1664 2435 1712 2470 Μ.
1733 2435 1874 2481 Eppius

173 2482 223 2518 M.
249 2483 276 2518 f.
294 2483 393 2528 Ten]
421 2494 467 2517 m.
495 2482 628 2527 oppius
654 2494 700 2516 m.
728 2482 752 2516 f.
780 2484 845 2517 ter.
874 2482 939 2517 sal.
963 2483 1015 2526 M,
1041 2494 1088 2517 m.
1115 2482 1247 2527 oppius
1273 2495 1320 2518 m.
1341 2483 1365 2518 f.
1386 2483 1494 2517 tullio
1522 2482 1588 2517 sal.
1613 2485 1656 2526 G,
1683 2483 1711 2516 P
1730 2484 1873 2526 (utram.

173 2531 286 2565 viridi
312 2531 352 2564 in
377 2531 460 2574 my.)
491 2528 655 2574 Poppius
687 2529 730 2574 (P
761 2534 890 2564 atram.
925 2530 1046 2574 rubro)
1077 2541 1123 2564 m.
1152 2530 1176 2564 f.
1202 2532 1269 2564 ter.
1297 2543 1322 2564 s.
1351 2531 1396 2565 R.
1437 2532 1481 2574 cf.
1511 2531 1672 2565 lVe‘Ilems
1696 2530 1712 2563 Ι
1735 2542 1772 2574 p.
1794 2533 1871 2564 537.

173 2578 215 2611 in
240 2576 307 2611 sal.
335 2587 523 2622 eoynomen
551 2578 660 2611 latere
688 2582 769 2621 post
801 2578 893 2611 alios
925 2581 1030 2620 putat
1057 2577 1277 2611 Kubitsehelc
1314 2580 1325 2622 ΙΙ
1364 2582 1417 2613 16.
1445 2588 1516 2612 cos,
1536 2599 1574 2601 —
1593 2581 1647 2612 17.
1674 2577 1873 2611 Marcellus

173 2635 239 2659 om.
263 2624 296 2659 G
315 2625 327 2668 ΙΙ
347 2628 401 2659 17.
428 2623 484 2670 L.]
512 2635 540 2658 e.
567 2624 650 2658 MR
669 2626 681 2668 ΙΙ
700 2623 832 2668 paulus
859 2625 940 2658 MR
960 2626 972 2668 ΙΙ
991 2635 1034 2658 ex
1054 2623 1135 2658 Kal.
1158 2624 1266 2659 Mart.
1290 2625 1513 2671 Il'eseubery,
1539 2635 1571 2659 a.
1593 2624 1626 2659 d.
1655 2635 1699 2658 ex
1727 2636 1770 2658 -x-
1797 2624 1871 2658 kal.

173 2671 328 2706 martias
368 2671 465 2713 MG,
504 2670 552 2705 ad
592 2682 636 2713 ex
672 2672 765 2716 (eccp.
793 2683 837 2706 m.
865 2673 899 2716 1)
937 2670 1011 2706 kal.
1038 2672 1146 2705 mart.
1179 2671 1226 2706 R.
1277 2671 1478 2715 o(mnibus)
1515 2671 1674 2716 d(iebus)
1711 2682 1755 2705 ex
1789 2671 1871 2706 Kal.

172 2718 282 2754 Mart.
306 2718 353 2754 F.
375 2719 579 2761 Hofmami,
604 2719 724 2762 qualis
749 2723 867 2753 tamen
892 2723 977 2752 nota
1003 2730 1074 2752 nou
1102 2723 1201 2752 extat
1219 2720 1230 2762 ΙΙ
1254 2722 1305 2753 18.
1335 2718 1462 2753 futura
1486 2720 1611 2753 essent
1631 2719 1720 2760 Ma,
1747 2718 1873 2752 futura

173 2776 294 2800 essem
317 2766 354 2801 R
373 2767 385 2810 11
410 2764 667 2800 consulatibus
695 2765 742 2799 M
767 2768 779 2810 11
811 2770 865 2800 19.
892 2764 1022 2799 martis
1048 2765 1098 2799 M
1119 2767 1131 2808 ΙΙ
1162 2769 1217 2800 20.
1244 2765 1334 2809 quid
1363 2766 1446 2808 GR,
1473 2765 1556 2810 quis
1583 2766 1632 2800 M
1656 2767 1667 2810 ιΙ
1699 2765 1871 2800 coniunc-

171 2813 242 2848 tim
266 2814 327 2856 M,
365 2813 533 2847 iunctum
566 2812 677 2856 GR²‚
709 2812 837 2846 iunctu
864 2812 917 2847 R¹
954 2814 966 2856 Η
1004 2812 1288 2846 de—consiliis
1323 2825 1403 2847 cum
1435 2813 1648 2856 Hofmanno
1680 2824 1723 2847 ea·
1749 2825 1798 2848 vs.
1826 2817 1870 2846 22

173 2862 315 2896 invecta
335 2865 427 2905 puto
453 2862 464 2904 ΙΙ
488 2871 527 2894 re
552 2859 750 2894 referretur
778 2861 822 2903 (ι’,
848 2871 887 2894 re
912 2860 1137 2894 referrentur
1162 2860 1216 2903 M,
1242 2870 1280 2893 re
1306 2859 1463 2894 ferretur
1487 2860 1522 2895 R
1542 2862 1552 2903 ΙΙ
1579 2859 1759 2905 consiliis]
1787 2870 1870 2894 con-

174 2906 317 2942 sulibus
343 2919 365 2945 ς
399 2910 410 2952 ΙΙ
445 2912 501 2943 21.
529 2906 721 2942 comitales
748 2908 796 2941 M
822 2909 834 2951 Η
865 2911 920 2941 21.
948 2910 1003 2942 22.
1031 2907 1202 2940 senatum
1227 2906 1410 2942 haberent
1442 2907 1635 2951 senatique
1661 2907 1872 2941 consultum

173 2954 355 3001 facerent]
396 2956 567 2989 senatum
598 2954 755 2989 haberes
788 2965 876 2988 sane
900 2956 1078 2998 {tumque
1114 2965 1211 2988 cons.
1248 2953 1388 2989 faceret
1419 2956 1479 2999 M,
1517 2955 1686 2988 senetum
1717 2954 1872 2989 haberet

174 3011 308 3037 nesene
339 3003 525 3047 natusque
556 3002 720 3037 efaceret
753 3002 802 3044 G.
843 3003 1013 3036 senatum
1044 3000 1201 3035 haberet
1230 3012 1276 3035 ne
1309 3004 1459 3036 senatus
1497 3001 1707 3036 consultum
1744 3002 1870 3036 consul

174 3047 314 3084 faceret
339 3049 376 3084 R
407 3052 418 3094 ΙΙ
449 3054 505 3085 22.
533 3051 571 3084 et
597 3049 656 3093 M,
684 3051 724 3082 ut
752 3049 823 3083 GR
855 3051 866 3093 ΙΙ
896 3048 1120 3083 referrentur
1146 3049 1200 3083 M.
1250 3048 1429 3084 referrent
1453 3051 1494 3083 ut
1520 3049 1711 3092 Hos'mann
1742 3051 1753 3094 ΙΙ
1785 3060 1873 3084 con-

175 3094 286 3142 siliis]
325 3096 540 3131 consulibus
580 3109 612 3134 ς.
662 3099 708 3140 cf.
745 3096 946 3131 sslommsen
986 3096 1249 3131 ‘Slaatsreclit’
1284 3096 1334 3131 Ill
1363 3110 1400 3141 p.
1427 3100 1494 3131 533
1531 3098 1542 3141 ΙΙ
1579 3097 1721 3142 eorum]
1759 3097 1873 3132 simili

1519 3159 1589 3189 13*
