2242 3496
358 187 443 228 434
952 180 998 215 Μ.
1026 179 1165 213 TVLLI
1191 176 1442 212 CICERONIS

358 310 402 336 se
445 294 694 336 ulteriorem
739 290 921 331 Galliam
967 287 1177 340 Domitio,
1222 285 1467 327 citeriorem
1506 282 1711 325 Considio
1750 283 1951 326 Noniano
1993 309 2043 313 —-

357 365 423 406 his
468 364 580 405 enim
625 362 871 416 optigerunt
906 382 954 387 —
990 356 1268 409 traditurum;
1311 354 1364 395 ad
1409 354 1658 396 consulatus
1702 355 1957 408 petitionem
1999 369 2043 396 se

356 436 592 487 venturum,
622 445 757 484 neque
791 444 833 470 se
866 429 951 469 iam
983 426 1090 467 velle
1124 427 1299 480 apsente
1333 439 1377 465 se
1411 425 1625 466 rationem
1649 425 1801 466 haberi
1828 439 1968 479 suam3
2001 439 2045 466 se

358 506 623 558 praesentem
670 500 830 540 trinum
874 498 1110 539 nundinum
1155 496 1404 550 petiturum.
1473 495 1716 549 accepimus
1762 495 2045 549 condiciones,

356 575 427 615 sed
459 574 530 626 ita,
561 574 607 612 ut
639 572 856 611 removeat
887 567 1100 622 praesidia
1131 581 1181 608 ex
1214 567 1278 607 eis
1310 566 1430 621 locis,
1462 580 1570 619 quae
1604 565 1842 620 occupavit,
1875 568 1924 606 ut
1952 564 2044 607 sine

356 646 471 685 metu
508 642 555 682 de
594 641 660 681 his
699 640 803 694 ipsis
843 637 1164 680 condicionibus
1196 636 1358 678 Romae
1400 638 1574 677 senatus
1605 635 1757 676 haberi
1789 635 1941 689 possit.
2002 635 2045 677 id

354 713 423 754 ille
456 713 491 753 si
524 711 683 764 fecerit,
716 724 812 764 spes
846 711 911 750 est
942 708 1072 763 pacis,
1104 722 1190 749 non
1222 707 1429 748 honestae
1456 706 1658 761 —leges
1692 705 1806 747 enim
1837 706 2046 760 in'ponun-

353 787 421 824 tur
453 806 518 835 —,
551 781 623 822 sed
656 780 821 834 quidvis
855 782 920 821 est
953 779 1105 820 melius
1140 793 1268 833 quam
1301 778 1362 820 sic
1393 792 1497 832 esse,
1530 779 1578 817 ut
1605 791 1774 831 sumus3
1807 777 1875 818 sin
1900 780 2044 818 autem

351 853 421 893 ille
454 851 542 893 suis
575 851 897 893 condicionibus
931 852 1043 891 stare
1075 849 1274 903 noluerit,
1309 849 1470 889 bellum
1499 849 1699 902 paratum
1725 850 1802 902 est,
1834 847 2044 890 eiusmodi

350 927 508 977 tamen,
549 922 661 976 quod
694 921 902 962 sustinere
934 920 1007 961 ille
1039 934 1124 961 non
1157 920 1315 974 possit,
1352 917 1607 973 praesertim
1640 933 1736 960 cum
1768 933 1793 959 a
1825 918 1913 960 suis
1947 933 2043 961 con-

348 993 584 1034 dicionibus
623 992 713 1046 ipse
751 990 930 1046 fugerit,
969 990 1266 1032 tantummodo
1300 993 1349 1031 ut
1383 1005 1479 1031 eum
1511 980 1866 1043 intercludamus,
1903 1004 1956 1030 ne
1989 990 2040 1031 ad

347 1063 494 1103 urbem
524 1062 664 1117 possit
696 1062 916 1116 accedere,
948 1062 1061 1115 quod
1094 1061 1371 1115 sperabamus
1404 1060 1498 1101 fieri
1529 1074 1676 1114 posse3
1713 1059 1895 1101 dilectus
1927 1060 2041 1101 em'm

347 1147 523 1188 magnos
562 1132 825 1173 habebamus
864 1132 1207 1186 putabamusque
1241 1132 1364 1173 illum
1396 1134 1606 1185 metuere,
1645 1129 1682 1171 si
1714 1131 1766 1172 ad
1797 1130 1949 1172 urbem
1979 1131 2041 1172 ire

346 1203 572 1257 coepisset,
615 1218 667 1244 ne
713 1202 876 1244 Gallias
922 1201 1159 1257 amitteret,
1204 1217 1309 1256 quas
1355 1202 1502 1243 ambas
1546 1201 1678 1242 habet
1720 1201 2042 1243 inimicissimas

345 1276 514 1327 praeter
540 1273 879 1328 Transpadanos,
909 1287 958 1314 ex
984 1272 1279 1327 Hispaniaque
1308 1288 1382 1314 sex
1407 1272 1599 1328 legiones
1627 1275 1670 1313 et
1695 1286 1855 1327 magna
1881 1273 2042 1314 auxilia

346 1343 524 1385 Afranio
570 1346 612 1385 et
656 1343 829 1385 Petreio
877 1343 1054 1385 ducibus
1098 1344 1231 1385 habet
1275 1359 1299 1385 a
1343 1347 1486 1399 tergo:
1535 1343 1721 1397 videtur,
1766 1343 1802 1384 si
1843 1343 2043 1399 insaniet,

343 1428 467 1468 posse
506 1413 707 1469 opprimi,
745 1414 872 1455 modo
912 1417 960 1455 ut
997 1414 1102 1455 urbe
1136 1414 1264 1456 salva.
1327 1415 1562 1456 maximam
1595 1416 1739 1455 autem
1770 1414 1946 1469 plagam
1977 1429 2043 1456 ac-

346 1484 472 1538 cepit,
504 1484 616 1538 quod
649 1485 698 1538 is,
731 1484 803 1539 qui
836 1499 1048 1526 summam
1078 1486 1383 1528 auctoritatem
1409 1486 1455 1527 in
1479 1486 1596 1527 illius
1624 1485 1816 1527 exercitu
1840 1485 2041 1540 habebat,

345 1554 390 1595 T.
423 1554 650 1610 Labienus,
683 1555 823 1596 socius
858 1556 1030 1597 sceleris
1064 1571 1156 1598 esse
1187 1557 1346 1599 noluit:
1378 1556 1554 1611 reliquit
1585 1557 1710 1598 illum
1742 1559 1787 1598 et
1813 1556 2040 1599 nobiscum

302 1638 312 1646 ·
344 1624 483 1679 <est>,
520 1625 728 1679 multique
766 1625 880 1666 idem
911 1625 1069 1667 facturi
1102 1642 1193 1668 esse
1227 1627 1438 1669 dicuntur.
1501 1641 1581 1683 ego
1615 1627 1752 1668 adhuc
1785 1642 1883 1669 orae
1915 1627 2041 1669 mari-

343 1695 473 1736 timae
505 1710 705 1750 praesum
737 1711 762 1737 a
792 1695 999 1737 Formiis:
1036 1697 1204 1738 nullum
1236 1697 1375 1739 maius
1403 1698 1630 1753 negotium
1662 1698 1878 1752 suscipere
1910 1699 2040 1754 volui,

345 1779 427 1819 quo
461 1766 558 1820 plus
594 1767 705 1820 apud
737 1766 859 1808 illum
891 1782 1009 1808 meae
1041 1767 1213 1810 litterae
1241 1769 1649 1823 cohortationesque
1677 1769 1730 1810 ad
1755 1784 1904 1823 pacem
1929 1770 2041 1812 vale-

344 1839 457 1890 rent,
495 1836 561 1877 sin
599 1839 743 1878 autem
781 1837 862 1878 erit
899 1838 1079 1894 bellum,
1117 1840 1240 1881 video
1272 1855 1340 1882 me
1374 1840 1527 1882 castris
1561 1843 1603 1881 et
1635 1839 1762 1881 certis
1794 1840 2039 1895 legionibus

343 1906 648 1960 praefuturum.
715 1907 853 1949 habeo
887 1909 1017 1950 etiam
1050 1910 1170 1952 illam
1201 1912 1460 1967 molestiam,
1494 1911 1607 1966 quod
1633 1911 1861 1953 Dolabella
1889 1915 2040 1954 noster

345 1980 448 2031 aput
486 1975 712 2026 Caesarem
756 1982 832 2021 est.
893 1979 997 2021 haec
1042 1981 1123 2022 tibi
1166 1984 1270 2023 nota
1309 1997 1400 2024 esse
1439 1982 1573 2036 volui,
1619 1997 1727 2036 quae
1766 1997 1866 2024 cave
1902 1998 1956 2024 ne
1994 1986 2037 2025 te

343 2048 594 2101 perturbent
627 2051 668 2089 et
699 2049 938 2103 impediant
970 2051 1260 2093 valetudinem
1293 2055 1426 2094 tuam.
1490 2067 1569 2109 ego
1601 2052 1653 2093 A.
1679 2051 1880 2108 Varroni,
1911 2068 2038 2109 quem

341 2133 468 2172 quom
501 2119 846 2161 amantissimum
877 2121 960 2162 mei
993 2122 1193 2177 cognovi,
1232 2125 1327 2164 tum
1359 2124 1491 2165 etiam
1524 2124 1648 2166 valde
1681 2123 1747 2165 tui
1781 2124 2036 2180 studiosum,

339 2188 665 2244 diligentissime
715 2192 756 2231 te
807 2192 1118 2247 commendavi,
1168 2196 1216 2234 ut
1266 2196 1309 2235 et
1358 2194 1618 2236 valetudinis
1669 2196 1773 2236 tuae
1821 2194 2036 2237 rationem

337 2258 513 2301 haberet
552 2263 594 2301 et
629 2260 920 2315 navigationis
959 2265 1001 2303 et
1038 2266 1180 2305 totum
1219 2267 1262 2306 te
1302 2265 1541 2320 susciperet
1577 2279 1625 2307 ac
1656 2267 1868 2307 tueretur:
1907 2281 2034 2321 quem

339 2329 480 2370 omnia
518 2330 730 2372 facturum
769 2332 954 2388 confido,
992 2334 1155 2389 recepit
1193 2335 1307 2377 enim
1345 2339 1388 2378 et
1426 2351 1594 2378 mecum
1631 2337 1802 2378 locutus
1841 2339 1907 2378 est
1938 2351 2031 2378 sua-

335 2400 518 2442 vissime.
581 2404 646 2456 tu,
684 2402 884 2456 quoniam
924 2417 971 2444 eo
1010 2407 1203 2458 tempore
1243 2420 1409 2448 mecum
1448 2421 1540 2449 esse
1577 2422 1666 2449 non
1703 2407 1905 2463 potuisti,
1944 2422 2028 2462 quo

454 2545 481 2575 1.
510 2551 546 2574 se
574 2540 668 2584 MD,
709 2541 772 2575 sed
802 2542 883 2576 FH
916 2545 926 2586 Η
963 2547 993 2576 3.
1022 2547 1053 2577 4.
1080 2555 1117 2578 se
1144 2548 1376 2589 praesentem
1407 2547 1521 2581 trium
1545 2548 1624 2592 (sic)
1654 2547 1864 2581 nundinum
1889 2547 1951 2591 M,
1987 2558 2026 2582 se

333 2588 561 2638 praesentem
580 2587 834 2622 trinundinum
859 2589 907 2633 D,
935 2590 999 2623 sed
1018 2593 1212 2634 praesente
1232 2593 1490 2628 trinundinum
1510 2594 1596 2628 ΕΗ
1609 2597 1620 2640 Η
1639 2598 1671 2629 4.
1694 2594 1906 2639 accepimus
1927 2595 2025 2639 MD,

333 2644 537 2686 accipimus·
558 2634 641 2668 ΕΗ
655 2637 666 2678 Η
686 2638 716 2669 5.
744 2635 811 2681 eis]
838 2636 894 2669 his
921 2637 1004 2679 ΨΕ,
1030 2637 1076 2671 iis
1104 2649 1123 2674 ς
1143 2640 1154 2682 ΙΙ
1175 2642 1204 2674 6.
1232 2640 1307 2686 his]
1333 2640 1379 2675 iis
1407 2642 1619 2687 Wesenberfs
1637 2643 1649 2686 Η
1670 2646 1699 2676 7.
1727 2641 1883 2676 honeste
1913 2641 2004 2676 MH
2014 2643 2026 2688 Η

333 2684 362 2714 b'.
390 2681 502 2726 stare]
528 2682 641 2715 istare
667 2682 726 2726 M,
752 2682 825 2716 ista
850 2694 888 2717 re
913 2683 966 2727 D,
994 2683 1132 2719 instare
1162 2687 1245 2720 ΕΗ
1270 2689 1280 2732 Η
1314 2692 1367 2723 12.
1394 2688 1474 2723 fieri
1498 2699 1606 2733 posse
1633 2688 1791 2723 dilectus
1817 2690 1878 2732 M,
1912 2699 2022 2734 posse

332 2726 409 2760 fieri
434 2727 496 2779 dil.
523 2728 571 2771 D,
587 2738 703 2780 ‘posse
728 2728 806 2763 fieri
833 2729 901 2764 del.
929 2730 1012 2764 FH
1026 2733 1037 2776 Η
1059 2735 1111 2767 13.
1136 2735 1363 2777 putabamus
1389 2747 1485 2780 quae
1505 2737 1555 2770 M
1568 2737 1579 2781 Η
1600 2739 1653 2771 15.
1681 2735 1930 2781 hispaniaque
1957 2747 2023 2771 sex

332 2773 423 2817 MD,
450 2774 621 2818 hispania
645 2776 719 2810 tres
746 2776 829 2810 ΕΗ
843 2778 854 2821 Η
883 2781 933 2811 16.
961 2778 1102 2822 petreio
1129 2792 1171 2814 er
1197 2782 1298 2825 preio
1324 2783 1385 2817 M1
1410 2786 1421 2827 Η
1447 2794 1469 2817 a
1493 2784 1598 2828 tergo
1625 2782 1775 2817 uidetur
1801 2783 1832 2817 si
1857 2782 2026 2818 insaniet

334 2831 592 2885 (uidetur-sun
613 2834 704 2886 ’sani
730 2836 767 2869 et
791 2835 843 2879 D)
868 2836 968 2879 MD,
1008 2838 1047 2871 at
1079 2849 1165 2883 ergo
1192 2828 1244 2885 (gi)
1276 2840 1426 2875 uidetur
1457 2841 1489 2875 si
1520 2841 1683 2876 insaniet
1707 2842 1764 2886 H,
1804 2843 1845 2876 at
1875 2852 1962 2886 ergo
1994 2841 2026 2876 si

333 2878 478 2930 uidetur
502 2882 663 2915 insaniet
691 2882 730 2915 Ε
745 2883 757 2926 Η
777 2885 830 2917 17.
858 2884 899 2916 ut
924 2884 1018 2927 MD,
1045 2896 1109 2919 om.
1132 2886 1216 2920 FH
1231 2889 1242 2931 Η
1263 2892 1316 2923 19.
1339 2892 1392 2923 20.
1421 2890 1478 2922 est
1503 2901 1526 2923 a
1554 2889 1635 2924 ΨΕ
1657 2890 1824 2924 omissum
1852 2889 1922 2923 alii
1939 2893 2026 2933 post

333 2925 531 2977 nobiscum,
545 2928 703 2972 aliipost
717 2930 754 2962 et
768 2931 931 2964 inserunt
949 2933 960 2975 Η
980 2932 1157 2967 20.h0rae
1169 2934 1252 2968 FH
1265 2936 1277 2979 Η
1297 2939 1352 2970 22.
1368 2935 1711 2980 cohortationisque
1723 2935 1764 2970 F
1762 2935 1808 2969 H
1821 2936 1832 2980 Η
1853 2939 1907 2969 23.
1922 2935 2023 2981 mess,

335 2973 351 3002 1
374 2971 438 3006 lztt.
465 2984 524 3024 eij,
549 2974 598 3007 M
613 2976 623 3018 Η
644 2979 697 3010 24.
725 2977 823 3020 quod
840 2977 967 3029 ΕΗΒ,
994 2990 1104 3022 quem
1122 2980 1171 3014 M
1184 2983 1195 3025 Η
1214 2985 1269 3017 25.
1298 2983 1398 3026 apud
1414 2983 1532 3017 FHD
1551 2984 1562 3027 Η
1582 2994 1661 3017 esse
1679 2984 1771 3017 nota
1786 2983 1829 3016 H
1846 2983 1857 3026 Η
1876 2985 1931 3016 26.
1953 2993 2022 3027 ego

333 3026 502 3052 auarrom
523 3021 575 3064 M,
602 3032 686 3066 ergo
713 3034 884 3058 auarrom
913 3025 1040 3060 ΕΗΒ.
1088 3028 1131 3062 cle
1154 3029 1232 3071 ipso
1258 3030 1398 3064 homine
1422 3041 1453 3065 υ.
1474 3030 1674 3065 Mommsen
1699 3030 1799 3064 Berl.
1827 3028 2020 3064 Sita-Ber.

334 3066 421 3115 1892
444 3069 672 3118 228491127.
700 3071 825 3116 quom]
853 3082 964 3114 quam
990 3073 1043 3117 Μ,
1071 3084 1153 3107 cum
1181 3075 1301 3109 FHD
1319 3077 1330 3120 Η
1349 3076 1423 3111 mei
1448 3077 1503 3120 M,
1530 3076 1564 3110 ei
1590 3076 1681 3120 ΕΗ,
1709 3087 1774 3111 om.
1802 3076 1840 3110 D
1869 3077 1881 3120 Η
1909 3076 2021 3114 ualde

333 3110 388 3144 tui
414 3112 466 3156 M,
493 3114 548 3146 tui
574 3114 683 3148 ualde
711 3116 829 3150 FHD

2066 935 2097 960 10

2063 1288 2094 1314 15

2062 1643 2094 1668 20

2059 1998 2091 2023 25

2051 2351 2088 2379 30

2232 2230 2242 2338 4....μ-
2235 2102 2242 2219 “.,..-,
2232 1602 2242 2079 .--—⁴—n—A3⁴.-—um——--.-..-.
2239 1558 2242 1565 .

2223 3087 2242 3108 «s
2224 2875 2242 3050 vin-'dm
