2242 3496
696 200 1030 236 EI'IS'I'VLARVM
1059 201 1151 236 XIII.
1180 205 1210 236 ⁴3.
1239 205 1293 235 (3¹¹.
1324 206 1353 236 7.
1787 203 1871 242 3423

175 308 287 350 fecto
320 322 371 348 cx
404 323 469 349 me
502 308 627 350 facile
661 310 872 364 cognosti.
928 310 1204 352 vehementer
1242 313 1283 352 te
1317 324 1442 366 rogo,
1480 313 1529 351 ut
1561 324 1700 363 cures,
1742 315 1790 352 ut
1823 326 1871 352 ex

173 378 252 420 hae
294 379 666 422 commendatione
712 380 815 422 mihi
856 381 1040 436 Cuspius
1086 396 1214 436 quam
1259 381 1467 424 maximas
1513 396 1640 436 quam
1685 382 1870 436 primum

175 463 301 504 quam
335 450 586 505 saepissime
620 452 783 507 gratias
817 452 930 506 agat.
989 453 1093 494 vale.

881 604 978 648 vn.
1026 605 1163 662 (310.)

136 721 153 746 ⁵
752 710 966 754 clenno
1001 710 1220 754 evalo
1256 710 1296 753 s.

290 817 396 860 Cum
435 818 479 860 in
512 818 697 860 Galliam
735 817 1013 872 proficiscens
1051 831 1130 872 pro
1168 819 1319 859 nostra
1355 819 1671 860 necessitudine
1712 822 1870 874 tuaque

170 904 339 931 summa
376 890 421 931 in
458 904 526 932 me
565 888 840 944 opservantia
884 888 935 929 ad
976 902 1044 930 me
1089 888 1263 929 domum
1307 888 1516 942 venisses,
1560 889 1729 932 locutus
1775 906 1870 932 sum

170 962 313 1002 tecum
357 961 406 1002 de
452 975 556 1016 agro
601 959 805 1015 vectigali
850 959 1072 1013 municipii
1111 957 1322 1014 Atellani,
1367 960 1439 1014 qui
1482 963 1595 1001 esset
1633 961 1675 1002 in
1716 960 1870 1016 Gallia,

170 1033 416 1086 quantoque
450 1045 578 1086 opere
611 1030 702 1072 eius
735 1030 959 1085 municipii
992 1044 1121 1072 causa
1151 1028 1404 1086 laborarem,
1437 1031 1518 1072 tibi
1552 1032 1738 1087 ostendi3
1768 1035 1869 1087 post

117 1112 150 1137 ¹⁰
169 1104 290 1144 tuam
316 1104 461 1144 autem
486 1101 800 1157 profectionem
827 1116 922 1144 cum
949 1104 993 1143 et
1019 1100 1206 1142 maxima
1231 1115 1298 1142 res
1326 1101 1549 1156 municipii
1572 1101 1867 1145 honestissimi

169 1172 359 1228 mihique
398 1173 740 1216 coniunctissimi
779 1177 822 1215 et
861 1187 1076 1214 summum
1114 1187 1257 1213 meum
1296 1172 1487 1215 officium
1525 1176 1744 1229 ageretur,
1788 1189 1866 1229 pro

167 1247 244 1286 tuo
276 1244 419 1286 animo
452 1245 497 1286 in
529 1259 595 1286 me
629 1245 840 1300 singulari
873 1243 1117 1286 existimavi
1148 1257 1216 1284 me
1250 1246 1448 1298 oportere
1475 1245 1526 1286 ad
1553 1247 1595 1286 te
1623 1245 1866 1288 accuratius

167 1316 374 1372 scribere,
418 1316 501 1358 etsi
532 1331 619 1358 non
652 1331 747 1358 sum
784 1315 974 1371 nescius,
1018 1318 1061 1357 et
1100 1329 1208 1369 quae
1246 1318 1491 1370 temporum
1528 1316 1638 1357 ratio
1677 1319 1720 1357 et
1759 1331 1866 1371 quae

166 1389 241 1428 tua
277 1389 471 1442 potestas
511 1387 586 1442 sit,
627 1387 792 1442 tibique
830 1386 1055 1443 negotium
1094 1386 1242 1427 datum
1284 1400 1376 1428 esse
1409 1401 1433 1427 a
1465 1385 1507 1428 C.
1536 1385 1735 1441 Caesare,
1779 1402 1866 1430 non

108 1468 142 1493 15
161 1457 387 1513 iudicium,
418 1458 636 1513 praeclare
669 1458 895 1514 intellego:
929 1472 1059 1513 quare
1093 1472 1118 1499 a
1148 1459 1191 1499 te
1224 1459 1396 1498 tantum
1427 1460 1549 1514 peto,
1581 1461 1790 1513 quantum
1823 1461 1866 1501 et

160 1533 203 1572 te
234 1529 375 1572 facere
406 1544 534 1585 posse
574 1533 617 1571 et
656 1529 842 1571 libenter
880 1545 975 1571 mea
1014 1543 1142 1571 causa
1180 1528 1397 1571 facturum
1436 1543 1528 1570 esse
1567 1529 1764 1572 arbitror.
1821 1533 1865 1572 et

159 1601 348 1656 primum
381 1601 510 1643 velim
543 1601 776 1655 existimes,
810 1601 922 1656 quod
956 1615 1024 1642 res
1057 1603 1135 1655 est,
1167 1600 1391 1654 municipii
1420 1599 1617 1642 fortunas
1646 1615 1792 1643 omnes
1819 1601 1865 1643 in

159 1673 246 1713 isto
284 1672 487 1728 vectigali
530 1671 782 1726 consistere,
827 1672 894 1713 his
940 1674 1086 1713 autem
1130 1671 1399 1726 temporibus
1443 1671 1523 1714 hoc
1570 1672 1864 1727 municipium,

159 1743 358 1785 maximis
397 1743 598 1785 oneribus
637 1758 853 1798 pressum,
899 1742 1078 1784 summis
1121 1741 1337 1783 adfectum
1383 1757 1474 1784 esse
1520 1742 1862 1786 difficultatibus.

105 1824 140 1849 2⁰
159 1815 241 1856 hoc
273 1814 354 1856 etsi
389 1828 612 1856 commune
646 1814 814 1855 videtur
846 1828 938 1855 esse
972 1828 1069 1855 cum
1101 1812 1271 1867 multis,
1302 1815 1449 1854 tamen
1480 1813 1588 1854 mihi
1622 1814 1744 1855 erede
1778 1814 1860 1856 sin-

156 1885 319 1941 gularis
350 1885 451 1927 huic
483 1885 718 1940 municipio
752 1884 1022 1927 calamitates
1057 1883 1275 1939 accidisse,
1309 1899 1414 1939 quas
1447 1884 1609 1927 idcirco
1634 1899 1725 1927 non
1752 1900 1862 1927 com-

155 1971 361 2011 memoro,
391 1971 444 1998 ne
477 1955 527 1998 de
554 1956 741 1998 miseriis
768 1971 962 1998 meorum
987 1955 1331 1998 necessariorum
1358 1970 1625 2011 conquerens
1652 1956 1862 2011 homines,

155 2042 263 2083 quos
295 2027 416 2082 nolo,
458 2026 605 2069 videar
643 2027 867 2070 offendere.
924 2028 1090 2082 itaque,
1133 2026 1217 2068 nisi
1256 2040 1459 2082 magnam
1499 2042 1619 2082 spem
1656 2027 1860 2070 haberem

155 2098 199 2142 O.
227 2096 402 2140 Caesari
432 2113 512 2141 nos
545 2113 720 2141 causam
751 2097 975 2153 municipii
1007 2097 1282 2153 probaturos,
1313 2112 1401 2139 non
1432 2101 1526 2139 erat
1558 2113 1699 2154 causa,
1732 2114 1806 2141 cur
1836 2115 1860 2142 a

100 2179 135 2204 25
155 2172 198 2211 te
238 2169 320 2212 hoc
363 2172 557 2225 tempore
603 2169 766 2225 aliquid
811 2169 1130 2222 contenderem3
1175 2169 1266 2222 sed,
1311 2169 1411 2223 quia
1455 2169 1621 2211 confido
1666 2169 1858 2225 mihique

153 2240 346 2296 persuasi
376 2240 501 2283 illum
534 2243 577 2282 et
609 2241 837 2297 dignitatis
871 2239 1095 2294 municipii
1127 2242 1169 2281 et
1201 2240 1435 2294 aequitatis
1469 2243 1512 2281 et
1544 2240 1675 2282 etiam
1708 2241 1858 2283 volun-

153 2312 258 2354 tatis
291 2327 393 2368 erga
425 2327 470 2354 se
502 2311 755 2354 habiturum
787 2326 880 2353 esse
912 2311 1138 2365 rationem,
1171 2310 1265 2352 ideo
1298 2325 1323 2352 a
1354 2313 1397 2352 te
1422 2325 1510 2352 non
1535 2311 1730 2353 dubitavi
1758 2326 1855 2354 con-

153 2383 341 2436 tendere,
372 2386 422 2424 ut
452 2383 565 2425 hane
597 2397 770 2425 causam
802 2382 866 2424 illi
897 2382 1114 2438 integram
1141 2395 1434 2424 conservares:
1468 2382 1582 2436 quod
1609 2382 1690 2424 etsi
1715 2382 1855 2424 nihilo

153 2454 294 2495 minus
333 2468 358 2494 a
394 2456 437 2495 te
480 2456 691 2509 peterem,
734 2454 770 2495 si
813 2453 924 2496 nihil
968 2453 1228 2495 audivissem
1271 2455 1313 2494 te
1358 2452 1445 2494 tale
1490 2452 1665 2509 fecisse,
1710 2457 1856 2496 tamen

100 2535 134 2559 ³0
154 2524 362 2566 maiorem
394 2538 514 2578 spem
545 2524 806 2579 impetrandi
843 2526 996 2566 nactus
1036 2538 1148 2579 sum,
1189 2526 1341 2579 postea
1379 2539 1507 2579 quam
1547 2524 1653 2566 mihi
1692 2525 1855 2567 dictum

151 2598 228 2648 cst,
259 2594 341 2636 hoc
374 2594 486 2636 idem
524 2610 549 2636 a
586 2598 628 2636 te
661 2594 889 2650 Regiensis
927 2594 1247 2650 impetravisse,
1289 2594 1363 2650 qui
1400 2595 1482 2637 etsi
1519 2598 1561 2638 te
1601 2595 1746 2651 aliqua
1784 2611 1852 2638 nc-

149 2747 215 2771 om.
248 2734 379 2779 ²15(D¹
405 2739 524 2770 tamen
548 2735 590 2769 in
614 2745 681 2779 my.
708 2736 920 2780 adscripsit:
953 2735 988 2770 C.
1010 2734 1161 2770 Valerio
1188 2735 1238 2780 S.)
1269 2736 1281 2780 ΙΙ
1312 2738 1367 2771 30.
1394 2735 1540 2770 litteras
1572 2735 1697 2783 (has)
1727 2736 1852 2779 Orelli,

148 2784 234 2827 fort.
271 2786 372 2818 recte.
430 2781 453 2826 <
459 2781 555 2827 has>
591 2781 738 2816 litteras
770 2783 843 2818 alii
885 2785 897 2827 n
940 2786 994 2817 31.
1035 2783 1175 2827 quanto
1214 2793 1323 2827 opere
1360 2783 1431 2826 M,
1468 2784 1697 2828 quantopere
1735 2783 1816 2818 HD
1848 2790 1852 2828 χ

151 2834 181 2866 1.
215 2829 385 2875 cognosti
416 2829 476 2873 M,
515 2828 725 2874 cognouisti
757 2829 837 2864 HD
867 2831 878 2874 ΙΙ
905 2831 944 2864 te
975 2830 1035 2873 M,
1073 2841 1139 2865 om.
1173 2829 1253 2864 HD
1288 2831 1300 2874 ΙΙ
1338 2833 1368 2865 5.
1396 2828 1543 2876 Cluvio]
1579 2832 1624 2873 ef.
1650 2831 1851 2866 Dlommsen

148 2878 332 2913 Abhandl.
358 2878 392 2912 (l.
419 2877 518 2912 Ber-l.
545 2877 664 2911 Alma.
693 2880 783 2911 1863
805 2889 842 2921 p.
865 2880 932 2911 466
947 2888 994 2922 sq.
1016 2879 1078 2921 116.
1105 2876 1379 2912 necessitudine
1405 2878 1545 2922 tuaque
1571 2877 1662 2921 HD,
1689 2877 1850 2912 necessi-

148 2924 351 2969 tudineque
376 2925 443 2959 tua
467 2924 522 2959 M.
566 2923 840 2958 necessitudine
864 2935 1004 2968 proque
1037 2926 1103 2958 tua
1131 2924 1245 2959 Orelli
1275 2926 1286 2969 ΙΙ
1317 2928 1348 2960 8.
1376 2923 1569 2969 municipii
1594 2923 1775 2971 Atellani]
1802 2927 1849 2969 cf.

150 2972 348 3007 Mommsen
367 2972 415 3007 ad
436 2970 519 3006 (1.1.
536 2971 579 3005 L.
594 2970 627 3005 X
642 2983 680 3016 p.
696 2974 763 3005 359
783 2973 795 3017 ss
814 2971 878 3015 qui
898 2972 996 3006 esset
1015 2970 1054 3005 in
1074 2970 1214 3018 Gallia]
1235 2973 1280 3015 cf.
1297 2972 1518 3017 Marquarclc
1541 2973 1583 3006 ‘=r.
1603 2971 1843 3008 Staatsrerw?

147 3019 207 3054 11²
225 3031 264 3064 p.
285 3021 329 3053 99
348 3020 361 3063 ss
380 3022 436 3054 11.
461 3017 628 3062 mihique
654 3017 948 3053 coniunctissimi
969 3018 1024 3062 M,
1050 3030 1116 3054 om.
1138 3018 1217 3052 HD
1234 3019 1246 3063 ΙΙ
1266 3020 1304 3053 et
1327 3029 1449 3053 meum
1476 3030 1660 3053 summum
1684 3018 1848 3054 officium

150 3065 230 3100 HD
246 3068 259 3111 ΙΙ
279 3069 333 3101 12.
360 3065 568 3101 existimari
587 3066 642 3109 M,
669 3065 753 3100 -rim
774 3065 854 3100 HD
871 3067 883 3110 ss
904 3069 957 3101 15.
984 3069 1037 3101 16.
1064 3067 1103 3100 et
1121 3066 1174 3111 te]
1202 3067 1240 3100 te
1260 3067 1297 3100 et
1317 3065 1366 3100 H.
1388 3067 1433 3101 Δ.
1455 3066 1558 3102 Koch
1583 3066 1732 3111 (Philol.
1753 3067 1846 3102 Am.

149 3112 181 3146 V
197 3125 235 3157 p.
250 3114 332 3158 161)
349 3114 361 3157 11
380 3116 436 3148 20.
457 3124 650 3148 commune
663 3113 753 3160 (ei)
769 3114 972 3148 Lambinus
990 3115 1002 3158 ΙΙ
1021 3117 1076 3149 21.
1091 3112 1335 3148 calamitiatis
1349 3114 1428 3159 (sic)
1442 3113 1491 3148 M
1505 3115 1516 3159 ΙΙ
1536 3117 1590 3149 26.
1613 3115 1651 3148 et
1664 3113 1778 3148 etiam
1793 3115 1845 3150 M.

149 3159 264 3194 etiam
289 3161 358 3205 (vel
383 3162 420 3195 et
445 3160 521 3195 iam
547 3160 607 3206 H)
635 3161 725 3196 HD.
769 3162 815 3205 cf.
835 3160 896 3205 IX,
918 3164 974 3206 25,
995 3165 1015 3196 3
1035 3162 1047 3205 ΙΙ
1067 3164 1122 3196 28.
1149 3159 1220 3195 etsi
1245 3160 1340 3205 MD,
1366 3162 1404 3195 et
1429 3161 1474 3195 H

1900 831 1915 860 1

1891 1542 1910 1572 2

1887 2042 1906 2072 3
