2242 3496
316 1064 357 1093 16

386 171 443 211 20
989 165 1037 200 M.
1065 164 1205 200 TVLLI
1232 163 1481 200 CICERONIS

385 294 461 334 per
492 279 629 320 bonos
662 278 777 318 viros
811 274 966 315 iudicio
998 272 1197 326 persequi
1228 273 1377 327 vellet,
1415 272 1658 326 exemplum
1688 272 2083 327 praeclarissimum

386 350 430 390 in
460 351 682 404 posterum
713 344 991 388 vindicandae
1025 342 1249 384 seditionis
1282 343 1332 384 de
1365 358 1409 384 re
1442 343 1616 397 publica
1656 344 1924 385 sustulerunt
1954 343 2083 384 idem-

385 435 465 474 que
503 421 654 473 postea
692 430 777 457 non
815 428 958 454 meum
1000 415 1327 453 monumentum
1361 437 1415 441 —
1448 427 1535 454 non
1573 414 1686 454 enim
1723 415 1823 455 illae
1855 414 2082 455 manubiae

384 504 520 543 meae,
553 489 624 529 scd
658 486 796 541 operis
829 482 987 525 locatio
1020 497 1115 524 mea
1146 482 1288 524 fuerat
1318 508 1383 538 —-,
1416 487 1743 525 monumentum
1775 499 1875 526 vero
1909 487 2082 526 senatus

383 559 533 601 hostili
564 557 735 599 nomine
768 558 810 596 et
843 553 1032 596 cruentis
1065 553 1257 595 inustum
1292 554 1451 596 litteris
1485 569 1577 596 esse
1609 554 1726 609 passi
1759 558 1876 596 sunt:
1910 555 1983 610 qui
2015 569 2083 596 me

383 629 578 671 homines
621 626 733 681 quod
773 625 938 666 salvum
977 639 1068 665 esse
1111 625 1358 680 voluerunt,
1402 628 1468 666 est
1505 625 1611 666 mihi
1651 626 1966 681 gratissimum3
2011 626 2084 667 sed

384 700 537 741 vellem
580 712 666 738 non
711 697 851 737 solum
896 695 1050 737 salutis
1095 711 1233 751 meae,
1279 697 1638 750 quemadmodum
1685 697 1856 751 medici,
1901 697 1993 751 sed,
2036 699 2085 737 ut

384 769 560 823 aliptae,
600 766 730 807 etiam
761 766 919 807 virium
951 768 995 807 et
1028 766 1184 807 coloris
1217 767 1432 808 rationem
1470 767 1628 809 habere
1667 768 1923 810 voluissent:
1960 781 2086 820 nunc,

382 842 430 880 ut
462 838 638 892 Apelles
671 836 854 878 Veneris
894 839 1024 891 caput
1057 839 1099 878 et
1133 851 1301 878 summa
1338 837 1528 892 pectoris
1569 838 1831 892 politissima
1871 840 1962 879 arte
1994 852 2085 892 per-

382 909 503 962 fecit,
553 907 764 961 reliquam
807 909 976 961 partem
1022 908 1214 962 corporis
1264 908 1513 950 incohatam
1557 909 1755 963 reliquit,
1805 908 1866 950 sic
1911 908 2086 963 quidam

381 980 577 1021 homines
609 979 654 1020 in
687 978 828 1032 capite
861 993 956 1020 meo
990 978 1130 1020 solum
1168 979 1467 1035 elaborarunt,
1508 980 1718 1021 relicuum
1756 994 1909 1034 corpus
1947 979 2087 1034 inper-

384 1050 546 1092 fectum
585 1064 634 1091 ac
671 1050 775 1090 rude
819 1049 1102 1103 reliquerunt,
1147 1049 1192 1091 in
1231 1065 1314 1105 quo
1360 1065 1440 1106 ego
1487 1065 1607 1105 spem
1650 1050 1785 1092 fefelli
1827 1066 1915 1092 non
1958 1050 2086 1092 modo

381 1121 636 1173 invidorum,
670 1119 744 1169 sed
776 1119 907 1161 etiam
939 1119 1214 1161 inimicorum
1246 1135 1462 1176 meorum,
1496 1122 1569 1176 qui
1602 1122 1651 1163 de
1684 1136 1769 1163 uno
1802 1121 2011 1163 acerrimo
2044 1123 2088 1162 et

382 1190 620 1232 fortissimo
653 1190 744 1231 viro
778 1205 957 1245 meoque
997 1191 1154 1232 iudicio
1189 1192 1381 1233 omnium
1420 1192 1718 1247 magnitudine
1752 1191 1883 1233 animi
1916 1194 1960 1233 et
1991 1206 2088 1233 con-

383 1262 544 1303 stantia
567 1260 956 1316 praestantissimo,
989 1259 1034 1309 Q.
1061 1261 1238 1303 Metello
1266 1261 1312 1303 L.
1338 1262 1379 1316 f.,
1413 1263 1630 1316 quondam
1655 1262 1810 1304 falsam
1838 1262 2085 1317 opinionem

383 1335 655 1387 acceperunt,
698 1346 824 1386 quem
862 1334 962 1385 post
1001 1332 1187 1374 reditum
1230 1332 1434 1375 dictitant
1470 1333 1609 1375 fracto
1649 1333 1792 1375 animo
1826 1337 1869 1375 et
1900 1333 2086 1375 demisso

382 1404 531 1457 fuisse,
570 1427 616 1432 —
653 1405 719 1444 est
751 1417 851 1444 vero
883 1403 1166 1457 probandum,
1199 1404 1271 1458 qui
1304 1406 1347 1445 et
1379 1418 1547 1445 summa
1578 1404 1801 1445 voluntate
1834 1404 2012 1445 cesserit
2044 1407 2088 1445 et

384 1473 558 1530 egregia
589 1473 722 1515 animi
762 1473 985 1514 alacritate
1019 1473 1177 1515 afuerit
1207 1489 1345 1529 neque
1380 1490 1480 1516 sane
1513 1475 1650 1516 redire
1683 1475 1862 1529 curarit,
1903 1489 2000 1516 eum
2033 1475 2087 1516 ob

384 1546 427 1586 id
458 1545 602 1599 ipsum
627 1544 814 1585 fractum
845 1544 993 1599 fuisse,
1023 1544 1068 1586 in
1102 1560 1185 1599 quo
1219 1560 1316 1587 cum
1349 1560 1496 1587 omnes
1523 1546 1732 1600 homines,
1764 1549 1858 1587 tum
1883 1545 1939 1587 M.
1965 1546 2089 1587 illum

387 1616 609 1670 Scaurum,
642 1615 905 1670 singularem
936 1615 1090 1670 virum,
1123 1616 1369 1657 constantia
1401 1619 1444 1657 et
1476 1616 1690 1672 gravitate
1717 1617 1980 1671 superasset!
2012 1632 2088 1670 —3

389 1687 480 1741 sed,
514 1687 628 1741 quod
661 1686 710 1727 de
742 1684 818 1727 illo
852 1689 1106 1741 acceperant
1139 1690 1214 1728 aut
1246 1687 1378 1728 etiam
1412 1687 1762 1742 suspicabantur,
1793 1688 1844 1729 de
1876 1702 1943 1729 me
1975 1686 2088 1728 idem

386 1757 650 1812 cogitabant,
682 1756 916 1798 abiectiore
950 1757 1092 1799 animo
1125 1773 1193 1799 me
1225 1758 1431 1813 futurum,
1463 1774 1559 1800 cum
1587 1774 1654 1800 res
1680 1758 1854 1813 publica
1880 1758 2089 1799 maiorem

385 1828 516 1869 etiam
549 1827 656 1868 mihi
689 1827 891 1882 animum,
924 1842 1053 1882 quam
1084 1842 1290 1882 umquam
1320 1828 1591 1882 habuissem,
1623 1829 1757 1883 daret,
1790 1843 1921 1882 quom
1953 1828 2090 1870 decla-

384 1902 524 1940 rasset
557 1914 602 1940 se
636 1914 723 1940 non
753 1899 948 1954 potuisse
980 1913 1048 1940 me
1080 1913 1165 1940 uno
1199 1899 1282 1940 civi
1315 1914 1458 1941 carere
1495 1913 1675 1953 cumque
1706 1898 1931 1940 Metellum
1963 1899 2089 1940 unius

385 1972 437 2010 tr.
464 1970 521 2024 pl.
548 1970 732 2025 rogatio,
763 1984 829 2011 me
856 1970 1056 2011 universa
1081 1985 1149 2011 res
1175 1970 1350 2024 publica
1375 1970 1480 2012 duce
1508 1973 1659 2011 senatu
1687 1969 1922 2011 comitante
1948 1970 2089 2026 Italia,

383 2041 764 2096 promulgantibus
809 2041 1057 2095 †omnibus
1102 2040 1313 2083 referente
1352 2041 1546 2096 consule,
1593 2041 1779 2083 comitiis
1824 2040 2092 2096 centuriatis,

385 2111 550 2153 cunctis
585 2112 807 2154 ordinibus
846 2112 1096 2154 hominibus
1139 2113 1506 2167 incumbentibus,
1546 2112 1745 2154 omnibus
1784 2112 1964 2167 denique
2003 2112 2090 2154 suis

500 2267 531 2298 2.
560 2263 754 2298 seditionis
781 2276 824 2299 επ
850 2275 904 2299 -es
930 2265 979 2298 M
983 2269 997 2286 0
1022 2266 1033 2308 ΙΙ
1062 2268 1093 2299 2.
1116 2269 1147 2300 3.
1174 2264 1362 2309 iidemque
1390 2275 1411 2301 ς
1436 2266 1447 2308 ΙΙ
1473 2268 1504 2300 3.
1532 2264 1800 2299 monimentum
1829 2264 1902 2299 GR
1926 2265 1937 2308 ΙΙ
1963 2266 1994 2298 9.
2022 2274 2086 2308 ap-

384 2310 500 2355 pelles
524 2311 595 2345 GR
615 2315 626 2354 ΙΙ
655 2315 706 2346 10.
733 2311 966 2357 incohatam]
994 2311 1227 2355 incohatam,
1254 2324 1296 2347 co
1322 2314 1363 2347 in
1388 2324 1471 2355 ras„
1497 2312 1522 2345 h
1547 2324 1626 2356 sup.
1653 2323 1701 2347 vs.
1729 2323 1753 2346 a
1778 2311 1853 2354 1111,
1881 2311 1930 2344 M
1949 2310 2088 2356 (incoa-

380 2360 459 2392 tam
491 2359 560 2403 Ρ),
599 2358 814 2393 inchoatam
842 2360 923 2394 GR.
969 2360 1014 2402 cf.
1048 2359 1098 2394 H.
1131 2361 1274 2394 Jordan
1313 2360 1462 2404 ‘quaest
1506 2359 1616 2394 Tull?
1651 2358 1803 2404 (Region.
1842 2360 1945 2402 1884)
1972 2370 2011 2402 12-
2039 2359 2088 2402 411

382 2405 531 2449 quidem
560 2406 593 2440 G
619 2408 630 2450 ΙΙ
662 2410 715 2441 11.
743 2406 924 2440 relicuum
956 2407 1016 2450 M,
1050 2406 1210 2450 reliqum
1244 2408 1294 2449 G,
1332 2406 1517 2450 reliquum
1543 2407 1579 2441 R
1604 2408 1616 2450 ΙΙ
1649 2410 1701 2440 11.
1733 2409 1787 2440 12.
1821 2404 2001 2439 infectum
2029 2405 2091 2448 RQ

386 2457 438 2487 14.
466 2452 568 2495 uiro,
600 2457 615 2486 1
645 2454 711 2488 litt.
738 2466 852 2497 erasa,
880 2454 953 2497 Mn
972 2455 1060 2499 mag
1082 2455 1086 2498 Ι
1108 2454 1239 2488 tudine
1259 2455 1333 2498 Mn
1356 2457 1407 2489 15.
1437 2453 1494 2499 Q]
1523 2464 1593 2497 que
1621 2455 1655 2487 Ω
1674 2457 1684 2496 ΙΙ
1704 2452 1726 2487 l.
1754 2452 1778 2487 f.
1806 2453 1861 2496 M,
1887 2452 1910 2487 l.
1938 2451 1960 2486 1.
1991 2452 2091 2498 GR}‚

386 2504 438 2534 16.
467 2502 689 2544 acceperant
720 2502 788 2535 αῖίκι·
813 2503 824 2545 {1
856 2505 909 2535 17.
938 2502 995 2535 est
1025 2512 1112 2535 vero
1147 2501 1381 2546 probandum
1414 2505 1594 2544 suspectat
1629 2500 1741 2535 Orelli
1767 2502 1777 2544 Η
1811 2503 1864 2534 18.
1893 2499 2031 2533 curarit
2057 2510 2089 2542 ς,

385 2548 456 2580 —ret
489 2548 522 2580 Ω
553 2549 564 2590 ΙΙ
597 2551 651 2582 19.
679 2548 839 2582 fractum
866 2559 903 2591 ς,
941 2548 1084 2582 factum
1110 2550 1144 2582 ,Ω
1175 2550 1186 2592 ΙΙ
1218 2552 1272 2583 23.
1301 2549 1428 2594 quom]
1468 2559 1579 2592 quem
1615 2559 1659 2582 ea:
1697 2558 1809 2591 quam
1835 2546 1912 2588 Mn
1950 2550 1992 2581 ut
2015 2547 2087 2582 vid.

384 2595 507 2638 (quem
528 2594 591 2638 P),
620 2606 703 2628 cum
725 2596 808 2638 GR,
835 2606 930 2639 quae
957 2597 1025 2629 am
1051 2598 1061 2640 Η
1089 2599 1144 2630 23.
1166 2599 1221 2630 24.
1243 2595 1472 2630 declarasset
1499 2606 1537 2629 se
1565 2595 1615 2638 G,
1652 2593 1881 2628 declarasset
1905 2594 1974 2638 (—et
1997 2605 2042 2628 m.
2072 2597 2088 2627 1

385 2653 428 2674 ew
454 2643 546 2685 -entj)
573 2642 620 2685 R,
649 2641 815 2676 declares
842 2644 879 2676 et
905 2644 958 2687 (et
977 2644 1126 2687 punctis
1151 2645 1292 2678 notavit
1316 2655 1361 2677 m.
1390 2645 1424 2686 11)
1452 2644 1509 2676 set
1535 2653 1573 2676 se
1600 2642 1648 2676 ῘΙΙ
1668 2645 1679 2686 Η
1707 2645 1762 2676 26.
1791 2640 1978 2686 omnibus]
2005 2641 2089 2674 octo

386 2688 544 2722 tribunis
571 2689 710 2724 aS'ehz'c'tz.
750 2691 844 2734 quod
869 2702 991 2725 verum
1017 2695 1084 2733 est,
1115 2691 1147 2725 si
1172 2691 1279 2725 verba
1309 2690 1491 2724 referente
1523 2689 1674 2723 consule
1705 2693 1890 2723 tenentur:
1920 2689 1972 2722 sie
1996 2689 2090 2722 enim

385 2736 578 2770 adluclstm·
604 2737 653 2770 ad
678 2748 755 2771 eccm
781 2741 856 2771 octo
882 2741 925 2771 ΐν.
943 2738 996 2781 pl.
1023 2738 1347 2782 promulyatiowem
1368 2749 1441 2781 qua
1465 2738 1580 2780 foetus
1599 2737 1780 2771 Lentulus
1799 2735 1924 2770 consul
1943 2734 1990 2768 K.
2005 2735 2088 2769 Ian.

386 2794 417 2815 a.
447 2786 511 2816 697
540 2784 582 2817 (le
610 2783 776 2818 Cicerone
801 2785 1001 2818 revocando
1028 2786 1076 2819 ad
1101 2790 1265 2819 senatum
1297 2785 1445 2820 rettulit.
1483 2784 1654 2818 omnibus
1682 2781 2024 2829 (magistratibus)
2051 2782 2088 2815 te

388 2828 526 2863 ferente
560 2841 588 2864 c.
616 2831 807 2865 Lehmann
840 2832 893 2874 (p.
917 2834 959 2864 55
980 2833 1063 2875 sq.).·
1094 2833 1149 2866 ita
1179 2833 1287 2867 verba
1317 2842 1433 2876 prom.
1468 2842 1499 2866 o.
1533 2842 1630 2876 mag.
1664 2829 1902 2874 intelleyemla
1932 2833 2018 2862 sunt
2048 2829 2090 2863 (Ie

384 2878 675 2921 promnlfflttione
700 2879 745 2912 ab
772 2879 938 2912 omnibus
964 2880 1237 2923 mayz‘stratibus
1262 2883 1406 2924 excepto
1426 2878 1497 2923 Ap.
1523 2879 1682 2913 Claudio
1706 2888 1750 2911 m.
1771 2876 1953 2910 Ianuario
1978 2876 2091 2918 facta,

388 2923 424 2955 te
457 2922 597 2957 ferente
635 2924 784 2958 consule
817 2926 859 2959 cle
892 2925 963 2969 Ieye
996 2925 1163 2960 Cornelia
1197 2938 1219 2960 α
1251 2926 1408 2960 Lentulo
1440 2926 1571 2960 Seoetz'lz'
1606 2934 1721 2959 mense
1757 2923 1833 2957 lata
1871 2923 1930 2966 (cf.
1962 2922 2091 2967 Lcmqe

390 2969 432 3002 εν.
454 2970 620 3004 Altam?
649 2972 718 3004 1112
739 2984 776 3016 1).
799 2975 865 3005 311
887 2973 954 3015 sq)
973 2973 983 3016 [Ι
1004 2972 1236 3006 centuriatiis
1252 2974 1306 3016 M,
1334 2974 1434 3006 -atus
1448 2973 1496 3015 R,
1523 2982 1627 3005 -acus
1644 2971 1677 3005 G
1696 2973 1708 3014 ΙΙ
1727 2974 1781 3004 27.
1809 2969 2020 3004 hominibus
2035 2970 2090 3011 M,

389 3015 559 3049 omnibus
588 3018 676 3061 GR,
716 3020 852 3053 delebat
885 3019 1073 3053 Graevius.
1115 3020 1190 3055 ord.
1225 3019 1472 3066 <aetatibus>
1511 3019 1607 3052 hom.
1642 3017 1862 3062 lVesenbery.
1898 3016 2090 3050 hominum

390 3063 500 3105 atque
535 3063 705 3098 ordinum
737 3065 901 3099 omnium
935 3065 1060 3099 studia
1093 3067 1298 3112 iu‘nymztur
1328 3068 1436 3102 etlam
1460 3066 1527 3109 ΙΙΙ,
1555 3069 1610 3109 10,
1630 3067 1663 3108 4,
1695 3065 1737 3099 in
1763 3065 1936 3110 asyndeto
1971 3068 2091 3098 autem

388 3120 488 3143 nemo
513 3110 617 3144 hodie
643 3113 796 3154 offendet

2107 923 2140 948 10

2107 1276 2140 1302 15

2108 1631 2142 1655 20

2109 1985 2143 2010 25
