2242 3496
368 171 451 213 364
962 165 1009 199 Μ.
1037 162 1176 197 TVLLI
1203 159 1453 195 CICERONlS

366 294 444 321 avo
473 303 526 307 —
554 280 619 319 est
651 276 763 317 enim
795 271 1066 315 nobilissima
1096 268 1264 311 familia
1289 284 1363 310 -ε
1396 271 1658 324 quapropter
1690 269 1942 312 commendo
1977 269 2059 311 tibi

366 349 571 391 maiorem
604 348 647 388 in
687 345 859 386 modum
897 356 986 383 rem
1026 341 1285 395 domumque
1325 339 1415 381 eius
1453 353 1695 395 magnoque
1735 355 1862 395 opere
1902 355 1977 396 aps
2016 342 2058 382 te

368 423 486 474 peto,
525 432 661 471 cui-cs,
700 418 747 456 ut
786 415 820 455 is
853 412 1080 467 intellegat
1117 425 1258 452 meam
1292 410 1712 453 'commendationem
1749 411 1935 453 maximo
1975 411 2059 453 sibi

368 490 478 545 apud
514 492 552 529 tc
585 490 627 529 et
660 486 904 528 adiumento
937 486 980 525 et
1013 483 1266 524 ornamento
1298 481 1443 523 fuisse.

1024 623 1202 666 xxxv.
1251 621 1389 680 (274.)

750 718 961 762 cicERo
996 716 1192 761 Acimo
1225 716 1600 760 PROCONSVLI
1634 717 1672 760 s

479 818 523 859 C.
554 816 761 858 Avianius
802 815 1065 856 Philoxenus
1106 812 1309 867 antiquus
1348 815 1414 854 est
1451 813 1608 868 hospes
1649 828 1767 855 meus
1806 818 1849 856 et
1886 817 2058 869 praeter

362 889 598 943 hospitium
643 888 764 928 valde
809 885 940 928 etiam
983 882 1228 939 familiariS,
1274 898 1401 938 quem
1441 882 1597 926 Caesar
1635 899 1729 926 meo
1767 885 1975 927 beneficio
2013 885 2059 927 in

362 958 697 1001 Novocomensis
742 956 934 1010 rettulit3
985 969 1141 996 nomen
1187 957 1332 997 autem
1377 954 1552 997 Avianii
1598 958 1770 998 secutus
1818 958 1901 1010 est,
1945 956 2058 1011 quod

360 1031 530 1073 homine
572 1029 691 1070 nullo
735 1028 831 1083 plus
877 1029 942 1068 est
985 1040 1088 1067 usus
1134 1041 1264 1081 quam
1308 1026 1462 1068 Flacco
1507 1026 1713 1082 Avianio,
1757 1042 1872 1083 meo,
1916 1042 2059 1082 quem-

361 1102 587 1143 admodum
619 1103 660 1141 te
694 1099 803 1141 scire
836 1097 1037 1152 arbitror,
1068 1097 1425 1139 familiarissimo:
1460 1112 1567 1152 quae
1601 1112 1681 1154 ego
1715 1098 1860 1140 omnia
1892 1097 2059 1154 collegi,

360 1176 408 1214 ut
447 1172 720 1226 intellegeres
765 1183 851 1211 non
890 1168 1111 1224 vulgarem
1157 1183 1249 1210 esse
1295 1168 1710 1211 commendationem
1753 1169 1864 1211 hanc
1908 1183 2058 1210 meam.

314 1262 331 1283 2
359 1247 457 1298 peto
491 1243 626 1297 igitur
658 1256 734 1295 aps
762 1243 816 1295 te,
849 1242 896 1281 ut
923 1239 1123 1281 omnibus
1156 1240 1298 1296 rebus,
1330 1241 1443 1295 quod
1477 1240 1567 1282 sine
1593 1240 1794 1282 molestia
1819 1242 1895 1282 tua
1919 1239 2058 1282 facere

359 1314 519 1367 possis,
553 1313 590 1354 ei
623 1311 866 1354 commodes
899 1311 1145 1365 habeasque
1177 1310 1223 1352 in
1252 1326 1432 1353 numero
1466 1314 1640 1353 tuorum
1672 1311 1973 1366 perficiasque,
2010 1313 2060 1352 ut

360 1384 583 1439 intellegat
613 1383 691 1424 has
733 1383 903 1424 litteras
942 1397 1058 1423 meas
1099 1396 1259 1438 magno
1301 1382 1384 1424 sibi
1422 1381 1520 1425 usui
1557 1381 1708 1424 fuisse:
1752 1382 1835 1424 erit
1871 1382 1914 1423 id
1953 1381 2059 1424 mihi

326 1502 329 1503 ⁷
359 1455 562 1497 maiorem
593 1454 637 1496 in
669 1454 844 1496 modum
879 1455 1066 1509 gratum.

1013 1582 1211 1626 XXXVI.
1259 1583 1394 1640 (275.)

714 1689 954 1744 <monuo
987 1689 1185 1733 Aemo
1221 1689 1597 1733 PROCONSVLI
1633 1690 1704 1746 s>

477 1799 585 1842 Cum
611 1798 831 1840 Demetrio
858 1797 988 1853 Mega
1018 1798 1126 1839 mihi
1152 1800 1370 1840 vetustum
1400 1798 1642 1853 hospitium
1675 1801 1753 1855 est,
1784 1797 2058 1840 familiaritas

358 1874 502 1912 autem
541 1873 681 1925 tanta,
722 1872 885 1924 quanta
922 1884 1019 1911 cum
1059 1868 1203 1911 Siculo
1242 1869 1373 1911 nullo.
1432 1869 1470 1911 ei
1502 1869 1731 1912 Dolabella
1767 1872 1925 1925 rogatu
1962 1884 2058 1911 meo

359 1941 575 1983 civitatem
611 1956 634 1982 a
661 1939 841 1982 Caesare
873 1940 1136 1995 impetravit,
1169 1954 1253 1995 qua
1284 1940 1330 1982 in
1362 1955 1406 1982 re
1434 1955 1513 1997 ego
1543 1940 1737 1996 interfui3
1769 1941 1915 1996 itaque
1946 1954 2059 1982 nunc

360 2013 402 2053 P.
432 2012 654 2054 Cornelius
694 2014 889 2066 vocatur-3
932 2026 1113 2067 cumque
1151 2014 1329 2066 propter
1369 2012 1578 2066 quosdam
1617 2011 1812 2054 sordidos
1850 2011 2060 2067 homines,

360 2083 431 2137 qui
464 2082 658 2125 Caesaris
691 2081 899 2124 beneficia
930 2082 1190 2138 vendebant,
1229 2083 1443 2139 tabulam,
1485 2083 1529 2125 in
1562 2098 1646 2138 qua
1676 2083 1853 2125 nomina
1885 2082 2059 2125 civitate

359 2155 613 2195 donatorum
658 2154 793 2196 incisa
836 2156 999 2208 essent,
1049 2153 1196 2195 revelli
1240 2153 1459 2209 iussisset,
1513 2154 1650 2196 eidem
1694 2153 1946 2196 Dolabellae
1991 2169 2058 2195 me

360 2225 554 2267 audiente
583 2224 739 2266 Caesar
766 2224 874 2266 dixit
899 2224 1007 2266 nihil
1035 2239 1139 2280 esse,
1169 2225 1283 2281 quod
1310 2226 1359 2267 de
1386 2225 1514 2281 Mega
1539 2228 1771 2280 vereretur,
1801 2224 2058 2266 beneficium
2098 2244 2109 2250 -

315 2313 333 2335 ·..
363 2311 484 2337 suum
517 2296 561 2337 in
593 2310 641 2337 eo
675 2310 857 2337 manere.
912 2295 994 2337 hoc
1027 2298 1069 2337 te
1104 2295 1212 2338 scire
1245 2295 1378 2352 volui,
1420 2299 1469 2338 ut
1508 2312 1604 2338 eum
1636 2297 1682 2338 in
1714 2296 1873 2338 civium
1902 2295 2059 2338 Roma-

359 2381 511 2407 norum
541 2381 717 2408 numero
750 2367 945 2420 haberes,
978 2366 1218 2421 ceterisque
1248 2366 1293 2408 in
1319 2367 1447 2409 rebus
1476 2367 1557 2408 tibi
1584 2382 1682 2409 eum
1707 2367 1770 2408 ita
1796 2367 2059 2423 commendo,

362 2440 407 2477 ut
439 2437 597 2478 maiore
626 2436 767 2478 studio
794 2437 1009 2479 neminem
1036 2438 1385 2479 commendarim.
1436 2438 1734 2494 gratissimum
1761 2438 1869 2480 mihi
1893 2438 2059 2493 feceris,

361 2507 395 2547 si
429 2522 525 2548 eum
557 2508 618 2548 ita
651 2508 871 2563 tractaris,
915 2512 963 2550 ut
1001 2509 1230 2564 intellegat
1267 2524 1408 2551 meam
1446 2509 1864 2552 commendationem
1900 2523 2058 2565 magno

361 2576 442 2617 sibi
475 2582 727 2620 ornamento
761 2579 906 2620 fuisse.

477 2696 507 2727 2.
534 2692 572 2727 in
592 2693 770 2728 maiorem
790 2695 940 2729 modum
961 2696 1005 2730 H
1019 2698 1031 2740 {l
1050 2700 1080 2731 4.
1110 2696 1210 2741 apud
1229 2698 1266 2731 te
1287 2708 1353 2732 om.
1376 2697 1421 2731 H
1435 2699 1446 2742 ΙΙ
1469 2700 1497 2732 7.
1520 2697 1556 2732 C.
1577 2696 1776 2743 Avianius]
1798 2696 1988 2732 c.auianus
2003 2696 2059 2740 M,

360 2739 398 2774 T.
422 2739 577 2775 anianus
603 2741 657 2785 D,
697 2741 853 2776 anianus
887 2743 931 2777 H
964 2745 974 2786 ΙΙ
1012 2747 1043 2778 9.
1077 2743 1386 2790 Novocomensis]
1420 2755 1518 2779 nouo
1550 2744 1706 2779 comesis
1735 2747 1781 2779 Ψ.
1829 2749 1983 2779 ceterum
2013 2744 2058 2786 cf.

361 2788 557 2835 Mommsen
585 2788 672 2823 611.
694 2790 738 2823 L.
765 2789 798 2822 V
818 2792 837 2822 2
859 2802 897 2833 p.
920 2793 987 2824 565
1019 2777 1035 2834 Π
1062 2790 1192 2825 retulit
1218 2791 1298 2825 HD
1328 2793 1340 2837 ΙΙ
1371 2803 1507 2827 nomen
1539 2792 1679 2838 autem]
1716 2793 1761 2835 cf.
1788 2792 1987 2826 Illommsen
2014 2791 2058 2825 ‘on

362 2835 526 2869 Staatsoz’
555 2835 605 2869 HI
626 2847 664 2879 p.
687 2839 742 2878 64,
771 2836 912 2881 annat
939 2837 1057 2872 ‘cours
1082 2839 1330 2883 d’eipiyraphie
1356 2840 1482 2874 Zatine’
1505 2851 1543 2884 p.
1570 2839 1668 2884 75211
1688 2837 1831 2873 auianii
1851 2838 1905 2881 M,
1932 2835 2059 2871 aniani

361 2879 420 2913 hic
446 2881 525 2914 HD
561 2882 572 2925 ΙΙ
613 2886 665 2916 10.
693 2882 842 2917 auianio
870 2884 963 2927 MD,
995 2883 1129 2918 aniano
1156 2886 1200 2919 H
1233 2887 1243 2929 ΙΙ
1283 2889 1335 2920 13.
1364 2886 1534 2921 omnibus
1562 2885 1657 2933 (in)
1684 2898 1712 2921 r.
1740 2886 1869 2929 Kleyn
1894 2885 1948 2927 (p.
1971 2885 2030 2927 50)
2058 2896 2059 2928 1

364 2930 415 2960 14.
444 2929 675 2963 commendes
702 2930 750 2963 M
781 2931 792 2973 Η
831 2934 884 2964 18.
911 2933 1150 2975 epz'stnlammn
1175 2935 1231 2967 36.
1259 2936 1313 2967 37.
1342 2936 1396 2967 38.
1424 2937 1479 2968 39.
1513 2935 1619 2968 inser.
1652 2944 1717 2968 om.
1744 2931 1843 2966 MH.
1888 2929 2058 2965 CICERO

362 2972 516 3008 ACILIO
544 2975 582 3008 D
600 2977 611 3019 Η
632 2980 684 3010 19.
713 2976 920 3012 Cum—21.
947 2977 1102 3012 interfui
1126 2990 1192 3014 om.
1220 2979 1290 3024 HM
1311 2983 1364 3015 19.
1392 2981 1500 3015 uetus
1526 2980 1565 3014 D
1583 2982 1594 3024 ΙΙ
1614 2983 1668 3014 21.
1695 2978 1840 3023 itaque]
1867 2978 1912 3019 ef'.
1937 2979 1985 3013 ad
2004 2990 2056 3023 ep.

364 3023 463 3070 35³}
496 3023 507 3063 ΙΙ
539 3025 593 3056 ⁶23.
620 3023 789 3057 tabulam
814 3023 853 3057 in
878 3035 953 3068 qua
978 3026 1058 3070 cet]
1095 3027 1139 3068 cf.
1166 3027 1365 3062 BIommsen
1393 3028 1435 3062 (ιν.
1463 3028 1630 3062 ὃΐααΐεν)
1659 3025 1699 3059 1³
1719 3037 1757 3070 p.
1779 3028 1846 3058 256
1879 3027 1889 3068 ΙΙ
1921 3028 1976 3060 24.
2003 3036 2057 3059 re-

363 3065 453 3099 belli
471 3067 525 3118 ρἹζ
551 3069 562 3111 Η
593 3068 787 3103 iussissent
815 3073 854 3104 Ψ
876 3073 886 3114 ΙΙ
912 3075 967 3106 25.
996 3072 1040 3106 de
1066 3083 1175 3116 mega
1201 3075 1390 3108 uereretur
1415 3075 1470 3117 M,
1498 3071 1678 3107 demetrio
1703 3072 1923 3117 grauaretur
1951 3072 2029 3106 HD
2046 3072 2059 3119 ,Ι

364 3115 418 3146 26.
447 3123 584 3147 ciuium
611 3116 700 3159 HD,
729 3116 801 3150 ciui
827 3118 874 3151 M
888 3119 900 3162 ΙΙ
920 3122 974 3152 27.
1003 3130 1086 3153 eum
1112 3119 1183 3153 tibi
1208 3120 1247 3154 D
1265 3122 1276 3164 ΙΙ
1297 3124 1352 3156 30.
1379 3120 1452 3155 sibi
1477 3120 1570 3165 HD,
1594 3131 1660 3155 om.
1686 3120 1736 3154 M
