2242 3496
397 172 480 214 166
996 167 1042 201 M.
1071 166 1212 200 TVLLI
1238 164 1488 200 CICERONIS

397 280 614 334 omnibus,
646 278 753 320 scire
781 276 895 317 enim
921 273 1058 328 cupio,
1092 273 1194 327 quid
1221 287 1338 329 agas,
1370 273 1472 328 quid
1499 276 1731 328 exspectes,
1763 288 1891 328 quam
1916 274 2095 330 longum

397 352 529 393 istum
567 354 689 392 tuum
727 347 961 388 discessum
1002 360 1027 386 a
1064 344 1190 386 nobis
1229 344 1424 386 futurum
1461 347 1605 399 putes:
1647 345 1708 386 sic
1745 345 1859 386 enim
1891 344 1972 386 tibi
2004 359 2095 399 per—

398 421 575 464 suadeas
608 419 750 472 velim,
780 431 914 457 unum
946 415 1054 457 mihi
1086 430 1178 457 esse
1212 415 1432 470 solacium,
1463 429 1593 468 quare
1619 415 1788 457 facilius
1815 415 1979 470 possim
2003 416 2096 470 pati

397 496 439 534 te
479 505 570 533 esse
609 491 699 530 sine
738 487 882 537 nobis,
922 487 957 528 si
995 487 1077 528 tibi
1116 501 1208 528 esse
1246 487 1290 527 id
1328 486 1617 528 emolumento
1656 487 1807 541 sciam,
1846 486 1914 527 sin
1951 488 2095 528 autem

397 563 438 603 id
470 576 556 603 non
589 562 667 613 est,
697 558 807 600 nihil
840 558 1006 599 duobus
1032 557 1158 599 nobis
1186 559 1253 598 est
1279 556 1472 598 stultius:
1506 571 1585 611 me,
1618 557 1691 611 qui
1723 559 1765 598 te
1797 571 1885 599 non
1911 556 2094 598 Romam
2132 569 2148 596 5

398 631 632 685 attraham,
664 632 725 684 te,
764 629 837 682 qui
868 643 955 670 non
986 628 1070 670 huc
1103 628 1293 681 advoles3
1333 642 1418 669 una
1450 627 1636 669 mercule
1667 630 1818 669 nostra
1849 627 1916 669 vel
1949 642 2097 670 severa

397 703 463 744 vel
495 702 642 743 iocosa
675 699 922 755 congressio
954 698 1092 754 pluris
1124 699 1207 740 erit
1239 713 1369 753 quam
1394 713 1481 740 non
1510 698 1640 753 modo
1665 698 1826 753 hostes,
1859 698 1933 739 sed
1965 698 2097 740 etiam

396 773 552 814 fratres
590 770 729 813 nostri
760 769 940 812 Haedui.
1003 784 1133 824 quare
1173 769 1373 811 omnibus
1417 770 1468 811 de
1505 770 1634 811 rebus
1677 769 1744 811 fac
1774 772 1823 811 ut
1855 783 1984 825 quam
2013 769 2097 824 pri-

395 858 512 885 mum
545 842 694 885 sciam:

728 927 802 966 aut
834 924 1095 967 consolando
1127 926 1203 965 aut
1234 924 1415 966 consilio
1448 926 1523 966 aut
1553 938 1598 966 re
1630 924 1760 965 iuero.
2119 936 2152 961 10

1107 1078 1110 1080 ’
1136 1094 1209 1136 XI.
1254 1092 1363 1151 (50.)

976 1200 1188 1244 cronno
1221 1200 1527 1244 TREBATIO.

516 1310 614 1353 Nisi
647 1313 746 1353 ante
777 1310 918 1352 Roma
955 1309 1174 1364 profectus
1213 1323 1346 1363 esses,
1383 1323 1497 1351 nunc
1536 1324 1630 1351 eam
1668 1312 1783 1352 certe
1820 1308 2100 1364 relinqueres3

401 1383 496 1438 quis
536 1382 649 1424 enim
688 1384 756 1424 tot
792 1380 1054 1436 interregnis
1086 1380 1428 1422 iureconsultum
1469 1381 1710 1422 desiderat?
1773 1395 1853 1436 ego
1892 1379 2104 1434 omnibus,

401 1454 511 1495 unde
544 1453 718 1508 petitur,
749 1452 832 1494 hoc
865 1451 1034 1493 consilii
1067 1451 1272 1502 dederim,
1305 1454 1353 1492 ut
1385 1466 1410 1492 a
1442 1451 1623 1508 singulis
1655 1452 1946 1508 interregibus
1977 1451 2102 1492 binas
2125 1462 2158 1488 15

402 1524 705 1566 advocationes
744 1523 985 1578 postulent:
1031 1522 1191 1563 satisne
1230 1522 1312 1563 tibi
1351 1522 1497 1563 videor
1535 1523 1612 1564 abs
1650 1525 1693 1564 te
1731 1523 1798 1564 ius
1838 1523 1962 1565 civile
2001 1522 2105 1563 didi-

405 1596 543 1637 cisse‘?
608 1595 681 1636 sed
718 1594 825 1635 heus
864 1596 930 1647 tu,
975 1592 1076 1647 quid
1119 1591 1243 1648 agis‘?
1295 1593 1446 1647 ecquid
1488 1592 1566 1634 fit?
1621 1593 1745 1635 video
1788 1593 1902 1635 enim
1939 1595 1982 1635 te
2018 1593 2105 1634 iam

403 1666 536 1708 iocari
573 1680 651 1720 per
681 1665 869 1706 litteras:
909 1664 1016 1705 haec
1055 1664 1179 1718 signa
1217 1663 1397 1705 meliora
1435 1667 1535 1705 sunt
1576 1679 1705 1719 quam
1743 1664 1787 1706 in
1819 1679 1913 1706 meo
1946 1663 2106 1706 Tuscu-

402 1738 522 1790 lano,
569 1736 662 1789 sed,
708 1734 809 1789 quid
855 1734 932 1789 sit,
977 1733 1085 1776 scire
1130 1734 1268 1788 cupio.
1341 1735 1507 1776 consuli
1552 1735 1724 1789 quidem
1767 1738 1811 1778 te
1855 1750 1880 1776 a
1923 1732 2106 1777 Caesare

405 1806 577 1860 scribis,
620 1806 693 1847 sed
732 1819 812 1861 ego
851 1804 933 1846 tibi
973 1805 1026 1846 ab
1065 1804 1141 1845 illo
1181 1805 1347 1846 consuli
1386 1805 1577 1848 mallem:
1616 1807 1730 1861 quod
1769 1807 1805 1849 si
1844 1809 1919 1847 aut
1950 1806 2001 1847 fit
2032 1808 2107 1847 aut
2126 1818 2161 1843 20

404 1878 600 1919 futurum
637 1879 782 1931 putas,
826 1875 968 1931 perfer
1007 1876 1138 1918 istam
1182 1875 1386 1917 militiam
1424 1879 1467 1918 et
1504 1892 1723 1932 permane,
1769 1892 1849 1933 ego
1888 1877 2003 1919 enim
2041 1877 2108 1918 de-

407 1948 610 1991 siderium
648 1947 713 1989 tui
746 1962 820 2002 spe
852 1949 1027 1989 tuorum
1066 1947 1388 1988 commodorum
1427 1948 1700 2005 consolabor,
1742 1948 1809 1990 sin
1846 1950 1991 1989 autem
2022 1948 2109 1989 ista

407 2023 508 2062 sunt
539 2019 748 2074 inaniora,
779 2018 920 2073 recipe
952 2021 994 2059 te
1027 2018 1080 2059 ad
1110 2033 1207 2073 nos3
1238 2032 1339 2059 nam
1372 2020 1447 2059 aut
1479 2019 1560 2060 erit
1585 2019 1656 2061 hic
1689 2019 1851 2074 aliquid
1877 2018 2107 2074 aliquando

407 2094 502 2145 aut,
547 2090 584 2132 si
628 2089 792 2144 minus,
835 2104 919 2130 una
964 2088 1150 2130 mercule
1196 2088 1439 2130 conlocutio
1483 2093 1635 2131 nostra
1677 2089 1814 2144 pluris
1859 2089 1941 2130 erit
1979 2104 2109 2143 quam

408 2176 555 2204 omnes
597 2159 946 2216 Samarobrivae3
990 2159 1190 2214 denique,
1229 2160 1265 2201 si
1303 2159 1390 2201 cito
1430 2163 1471 2202 te
1510 2161 1749 2216 rettuleris,
1787 2174 1927 2202 sermo
1962 2160 2108 2201 nullus
2129 2173 2163 2198 25

408 2234 510 2288 erit,
555 2233 591 2274 si
633 2231 795 2273 diutius
840 2231 1003 2273 frustra
1048 2230 1227 2285 afueris,
1269 2245 1358 2272 non
1395 2232 1522 2273 modo
1561 2231 1815 2286 Laberium,
1859 2231 1934 2273 sed
1977 2230 2109 2272 etiam

408 2304 600 2346 sodalem
637 2305 837 2344 nostrum
875 2301 1094 2344 Valerium
1131 2302 1408 2358 pertimesco,
1446 2303 1555 2345 mira
1593 2303 1707 2345 enim
1744 2317 1929 2358 persona
1965 2301 2110 2344 induci

362 2390 367 2398 ·
408 2377 554 2430 potest
594 2373 837 2434 Britannici
880 2363 1175 2415 iureconsulti.
1236 2373 1342 2415 haec
1386 2388 1466 2429 ego
1507 2388 1595 2416 non
1638 2374 1778 2429 rideo,
1823 2373 2018 2429 quamvis
2061 2375 2110 2414 tu

408 2446 565 2502 rideas3
603 2446 676 2488 sed
709 2445 758 2486 de
791 2459 836 2486 re
870 2444 1144 2486 severissima
1174 2446 1335 2499 tecum,
1374 2448 1423 2486 ut
1455 2445 1592 2501 soleo,
1623 2445 1753 2487 iocor.
1815 2447 1982 2487 remoto
2013 2444 2109 2486 ioco

408 2517 490 2558 tibi
533 2517 615 2559 hoc
655 2515 918 2557 amicissimo
957 2515 1100 2557 animo
1145 2516 1385 2571 praecipio,
1429 2519 1499 2570 ut,
1544 2515 1581 2558 si
1618 2516 1718 2558 istic
1759 2531 1855 2558 mea
1899 2530 2111 2557 commen-
2129 2528 2164 2553 30

409 2588 581 2629 datione
631 2589 752 2628 tuam
802 2586 1060 2641 dignitatem
1117 2586 1356 2641 optinebis,
1410 2587 1602 2642 perferas
1651 2587 1792 2629 nostri
1841 2586 2111 2641 desiderium,

529 2718 558 2749 3.
586 2713 743 2760 possim]
769 2725 918 2759 possem
943 2716 978 2749 Ω,
1006 2715 1018 2759 ΙΙ
1049 2716 1081 2749 5.
1108 2715 1170 2749 alt.
1198 2715 1256 2749 est
1281 2725 1346 2750 om.
1369 2715 1403 2750 G
1427 2716 1438 2760 ΙΙ
1465 2719 1495 2751 6.
1522 2715 1732 2750 mehercule
1754 2715 1825 2751 GR
1850 2716 1862 2760 11
1889 2718 1918 2750 7.
1947 2715 2027 2749 erat
2047 2715 2081 2750 G
2108 2715 2111 2757 l

410 2766 441 2797 8.
462 2761 583 2796 Aedui
603 2763 671 2797 alifi
690 2763 702 2806 Η
723 2765 776 2797 10,
802 2763 878 2797 Ter.
901 2763 1096 2797 Heautowt.
1113 2765 1156 2795 86
1176 2763 1188 2806 ΙῙ
1207 2762 1274 2796 aut
1299 2762 1455 2797 consilio
1476 2774 1541 2798 om.
1559 2764 1631 2799 GR
1651 2764 1662 2808 ll
1680 2774 1719 2797 re
1738 2762 1857 2808 iuero]
1877 2761 1931 2796 rei
1950 2773 2035 2796 uere
2056 2763 2110 2806 M,

410 2808 463 2843 rei
489 2809 568 2843 iure
596 2809 679 2853 GR,
705 2820 743 2843 re
770 2808 896 2844 iuvero
924 2820 945 2846 ς
976 2811 987 2854 ΙΙ
1020 2812 1074 2844 16.
1103 2812 1157 2845 17.
1186 2808 1302 2844 didici
1328 2809 1400 2844 sise
1426 2811 1477 2844 M
1501 2812 1513 2853 11
1545 2815 1598 2845 17.
1627 2821 1718 2855 agas
1745 2810 1780 2845 G
1804 2810 1815 2853 ΙΙ
1843 2808 1992 2854 ecquid]
2018 2808 2112 2844 haec

413 2855 502 2924 qiiid
528 2857 587 2900 M,
625 2856 694 2891 hec
726 2856 816 2900 quid
841 2857 895 2900 R,
929 2855 1091 2900 hecquid
1119 2856 1176 2891 G2
1207 2868 1251 2892 ea}
1281 2856 1444 2901 hocquid
1481 2859 1492 2902 Η
1528 2857 1604 2892 iam
1636 2869 1701 2892 om.
1736 2856 1808 2892 GR
1844 2857 1856 2901 ΙΙ
1894 2859 1947 2890 19.
1981 2855 2031 2890 sit
2057 2857 2110 2901 M,

414 2931 483 2975 sQ,
516 2943 594 2976 exp.
622 2937 653 2967 et
679 2944 768 2968 corr.
795 2945 840 2968 m.
868 2936 901 2976 2,
930 2933 980 2976 G,
1013 2932 1114 2977 sicit,
1147 2945 1225 2978 exp.
1252 2946 1297 2969 m.
1325 2938 1355 2977 1,
1382 2934 1419 2969 R
1456 2935 1467 2979 ΙΙ
1505 2937 1559 2970 21.
1581 2937 1637 2968 22.
1664 2943 1732 2978 ego
1766 2931 1865 2966 em'm
1895 2931 1953 2966 tui
1986 2933 2111 2967 cordis

416 2978 640 3013 desiderium
667 2990 731 3024 spe
760 2980 792 3015 G
811 2983 822 3024 ΙΙ
842 2984 898 3015 23.
924 2979 1041 3024 recipi
1066 2982 1103 3014 te
1130 2981 1178 3015 M
1193 2983 1204 3025 ΙΙ
1224 2985 1279 3016 24.
1305 2981 1514 3016 mehercule
1542 2981 1613 3016 GR
1639 2981 1650 3024 ΙΙ
1675 2984 1730 3014 25.
1759 2979 1790 3013 si
1815 2978 1888 3014 cito
1914 2980 1952 3013 te
1977 2981 2044 3014 Me
2069 2992 2113 3016 eae

415 3025 546 3059 scitote
577 3027 589 3069 Η
619 3027 789 3061 retuleris
817 3027 868 3063 Gl
894 3038 938 3061 ω]
962 3026 1159 3072 rittuleris,
1191 3028 1358 3062 reiuleris
1385 3029 1421 3064 R
1453 3031 1463 3073 ΙΙ
1495 3031 1549 3063 26.
1578 3026 1706 3061 diutiis
1732 3027 1781 3061 M
1807 3027 1818 3070 ΙΙ
1850 3026 2020 3061 attuleris
2045 3028 2082 3063 R
2101 3028 2113 3073 ΙΙ

415 3075 470 3106 27.
499 3072 704 3118 Valerium]
745 3075 788 3117 cf.
822 3075 980 3109 Ribbeck
1017 3086 1102 3109 com.
1135 3076 1201 3118 fr.²
1227 3079 1354 3120 11302
1387 3080 1420 3111 et
1445 3087 1484 3120 p.
1511 3074 1726 3109 LXXXVIII
1762 3074 1773 3118 ΙΙ
1811 3077 1866 3109 30.
1904 3074 2110 3121 praecipio]

415 3118 538 3162 precio
566 3120 620 3164 M,
646 3120 789 3163 praetio
815 3122 862 3165 R,
888 3131 1042 3166 praecor
1070 3122 1103 3157 G

2221 3101 2242 3280 13
