2242 3496
693 237 1029 274 EPISTVLARVM
1057 237 1133 272 XV.
1163 240 1215 272 13.
1246 239 1298 270 14.
1754 232 1838 273 417

146 354 327 406 utroque
361 350 477 391 culta
509 353 586 400 est,
619 349 691 390 sed
722 347 863 401 longis
890 346 1130 388 intervallis
1157 349 1401 399 temporum
1427 342 1715 397 interruptam
1744 358 1840 384 cou-

146 421 416 463 suetudinem
462 420 632 472 habuit,
676 419 1004 461 confirmaretur
1048 416 1354 458 vehementius.
1422 414 1464 456 id
1510 413 1712 468 quoniam
1756 427 1841 453 non
1869 424 1888 453 3

147 491 319 545 accidit,
356 495 529 532 utemur
568 491 681 531 bono
721 490 966 530 litterarum
1003 491 1047 529 et
1085 488 1232 528 eadem
1264 486 1352 527 fere
1386 485 1605 539 absentes,
1642 498 1768 538 quae,
1807 484 1842 524 si

147 576 292 604 coram
325 576 534 614 essemus,
566 574 941 615 consequeremur:
973 573 1082 600 unus
1115 557 1280 599 scilicet
1313 556 1445 597 animi
1478 556 1661 609 fructus,
1694 554 1767 608 qui
1800 554 1842 594 in

112 636 190 674 ste
229 632 409 674 videndo
449 636 532 685 est,
571 631 730 686 percipi
770 630 929 671 litteris
969 644 1054 671 non
1092 631 1255 684 potest,
1293 628 1402 668 alter
1440 625 1746 682 gratulationis
1779 627 1845 665 est

147 704 183 745 is
222 704 393 758 quidem
433 703 601 756 exilior,
639 716 769 757 quam
807 701 841 742 si
881 701 962 741 tibi
1000 703 1042 741 te
1080 700 1222 753 ipsum
1260 699 1430 739 intuens
1471 696 1732 752 gratularer,
1771 695 1844 736 sed

147 778 291 816 tamen
329 777 372 816 et
409 774 490 815 feci
529 777 655 815 antea
692 776 736 814 et
775 772 885 813 facio
923 785 1037 812 nunc
1068 769 1234 825 tibique
1268 783 1364 811 cum
1396 783 1473 823 pro
1507 782 1649 809 rerum
1682 765 1845 820 magni-

147 845 307 900 tudine,
332 859 438 900 quas
466 843 654 899 gessisti,
684 845 775 884 tum
803 857 880 896 pro
908 840 1234 896 opportunitate
1262 839 1469 894 temporis
1497 837 1706 894 gratulor,
1733 836 1846 891 quod

147 919 189 957 te
222 916 272 957 de
304 913 526 970 provincia
552 913 826 955 decedentem
854 926 1022 953 summa
1047 911 1141 952 laus
1169 914 1212 952 et
1238 925 1407 952 sumina
1433 909 1574 965 gratia
1600 907 1845 963 provinciae

95 1000 129 1026 ιο
146 988 375 1041 prosecuta
419 987 502 1038 est3
545 984 721 1025 tertium
767 985 850 1037 est,
894 985 942 1023 ut
985 981 1046 1032 id,
1091 982 1205 1036 quod
1246 981 1296 1022 de
1334 981 1496 1022 nostris
1535 980 1662 1021 rebus
1703 992 1846 1020 coram
1873 989 1895 1019 4

147 1055 583 1098 communicassemus
616 1055 729 1095 inter
760 1068 850 1101 nos,
888 1053 1165 1094 conficiamus
1198 1052 1311 1093 idem
1342 1051 1513 1093 litteris.
1577 1065 1658 1106 ego
1691 1053 1847 1093 cetera-

146 1142 244 1169 rum
280 1140 425 1168 rerum
463 1139 591 1166 causa
629 1124 710 1166 tibi
744 1124 927 1165 Romam
961 1123 1279 1178 properandum
1312 1136 1573 1178 magnopere
1607 1135 1759 1164 censeo
1792 1145 1846 1150 —

146 1213 249 1240 nam
280 1200 324 1240 et
355 1212 424 1252 ea,
461 1210 569 1251 quae
604 1195 778 1249 reliqui,
811 1195 1047 1250 tranquilla
1078 1195 1128 1236 de
1161 1197 1204 1235 te
1237 1196 1360 1235 erant
1392 1196 1435 1234 et
1465 1193 1546 1234 hac
1578 1195 1652 1234 tua
1686 1191 1848 1233 recenti

147 1268 332 1312 victoria
374 1270 499 1309 tanta
542 1266 705 1308 clarum
750 1269 873 1307 tuum
918 1266 1147 1307 adventum
1185 1265 1276 1306 fore
1315 1264 1522 1319 intellego
1560 1279 1632 1318 —3
1676 1263 1767 1317 sed,
1812 1262 1847 1303 si

96 1353 130 1380 15
148 1354 257 1395 quae
290 1342 391 1381 sunt
423 1353 553 1380 onera
585 1341 770 1387 tuorum,
805 1337 839 1378 si
873 1339 995 1378 tanta
1027 1339 1139 1390 sunt,
1171 1338 1220 1378 ut
1251 1350 1301 1376 ea
1330 1334 1542 1376 sustinere
1568 1333 1723 1388 possis,
1754 1347 1849 1387 pro-

147 1425 251 1465 pera
279 1434 330 1440 —
357 1408 467 1451 nihil
500 1408 581 1449 tibi
614 1408 696 1449 erit
727 1407 906 1461 lautius,
938 1407 1047 1448 nihil
1080 1406 1312 1462 gloriosius
1350 1430 1415 1461 ——,
1447 1405 1513 1447 sin
1545 1404 1721 1458 maiora,
1754 1417 1849 1445 con-

148 1480 301 1535 sidera,
330 1494 382 1521 ne
415 1479 460 1521 in
493 1478 818 1521 alienissumum
851 1481 1022 1532 tempus
1055 1477 1181 1519 cadat
1212 1477 1422 1518 adventus
1454 1478 1567 1518 tuus.
1624 1475 1753 1516 huius
1787 1474 1849 1515 rei

147 1554 289 1593 totum
327 1551 557 1593 consilium
593 1553 716 1591 tuum
749 1552 833 1603 est,
869 1552 916 1590 tu
950 1548 1063 1590 enim
1097 1548 1198 1602 scis,
1237 1547 1338 1602 quid
1371 1547 1584 1588 sustinere
1615 1545 1775 1600 possis:
1814 1544 1851 1585 si

148 1622 286 1677 p'otes,
315 1620 530 1663 laudabile
558 1623 686 1674 atque
715 1619 985 1674 popularest3
1016 1619 1081 1659 sin
1107 1619 1233 1673 plane
1259 1632 1346 1659 non
1370 1620 1508 1672 poteS,
1534 1619 1689 1659 absens
1715 1614 1851 1656 homi-

95 1710 129 1736 20
147 1708 252 1735 num
291 1706 508 1734 sermones
546 1690 716 1733 facilius
756 1689 1002 1732 sustinebis.
1070 1689 1121 1730 de
1159 1692 1411 1730 nie-autem
1448 1687 1563 1728 idem
1601 1689 1744 1728 tecum
1782 1685 1851 1726 his

151 1778 233 1819 ago
265 1763 438 1817 litteris,
471 1762 584 1817 quod
618 1761 911 1816 superioribus
944 1760 1027 1815 egi,
1055 1762 1106 1801 ut
1136 1759 1276 1801 omnis
1302 1761 1401 1800 tuos
1426 1772 1581 1800 nervos
1607 1758 1652 1798 in
1678 1771 1727 1798 eo
1755 1770 1852 1798 con-

150 1835 313 1888 tendas,
343 1849 397 1875 ne
431 1834 532 1888 quid
564 1832 671 1874 mihi
698 1832 751 1873 ad
775 1831 886 1873 hanc
911 1829 1191 1885 provinciam,
1224 1844 1355 1884 quam
1380 1831 1424 1870 et
1450 1831 1625 1870 senatus
1653 1830 1695 1869 et
1719 1842 1852 1882 popu-

150 1906 217 1947 lus
250 1919 436 1946 annuam
461 1918 555 1946 esse
582 1903 731 1956 voluit,
762 1901 971 1957 temporis
1000 1904 1277 1957 prorogetur:
1308 1901 1391 1942 hoc
1417 1915 1442 1942 a
1467 1902 1510 1941 te
1536 1899 1600 1941 ita
1625 1898 1850 1948 contendo,

150 1979 200 2017 ut
241 1975 287 2017 in
330 1989 380 2017 eo
423 1974 621 2017 fortunas
660 1987 777 2015 meas
808 1973 975 2028 positas
1013 1975 1176 2027 putem.
1242 1971 1376 2013 habes
1415 1971 1617 2012 Paullum
1653 1972 1853 2011 nostrum

96 2065 130 2091 25
148 2046 288 2088 nostri
332 2045 678 2101 cupidissimum3
728 2046 794 2085 est
833 2042 982 2098 Curio,
1026 2046 1093 2084 est
1130 2042 1328 2084 Furnius.
1399 2041 1461 2083 sic
1504 2041 1634 2083 velim
1679 2040 1855 2094 enitare,

151 2117 275 2172 quasi
300 2117 346 2158 in
377 2131 428 2158 eo
460 2117 549 2158 sint
581 2115 687 2157 mihi
721 2115 876 2157 omnia.
938 2117 1179 2156 extremum
1208 2113 1316 2154 illud
1348 2114 1414 2154 est
1439 2112 1489 2153 de
1516 2111 1589 2164 eis,
1623 2125 1731 2166 quae
1760 2125 1855 2164 pro·
1881 2122 1901 2152 6

150 2202 396 2243 posueram,
440 2185 714 2229 confirmatio
758 2189 932 2227 nostrae
979 2184 1213 2238 amicitiae,
1258 2184 1308 2224 de
1351 2197 1436 2237 qua
1473 2181 1670 2237 pluribus
1707 2181 1852 2222 verbis

149 2259 259 2300 nihil
291 2273 399 2314 opus
431 2261 516 2300 est:
548 2261 598 2299 tu
629 2272 736 2313 puer
768 2271 835 2298 me
868 2255 1084 2310 adpetisti,
1117 2268 1197 2310 ego
1231 2257 1374 2295 autem
1403 2267 1571 2307 semper
1599 2254 1853 2293 ornamento

153 2334 194 2372 te
232 2329 338 2372 mihi
376 2329 468 2371 fore
506 2329 627 2383 duxi,
664 2327 789 2369 fuisti
827 2325 958 2368 etiam
995 2325 1211 2380 praesidio
1251 2323 1516 2365 tristissimis
1550 2322 1656 2364 meis
1689 2325 1853 2377 tempo-

98 2420 132 2445 30
152 2401 291 2456 ribus3
329 2400 512 2443 accessit
548 2402 650 2455 post
689 2402 813 2440 tuum
851 2398 1088 2439 discessum
1125 2395 1402 2437 familiaritas
1441 2393 1550 2435 mihi
1585 2408 1682 2435 cum
1714 2393 1852 2436 Bruto

150 2475 227 2514 tuo
259 2471 459 2513 maxima.
519 2470 666 2524 itaque
698 2469 743 2510 in
772 2471 919 2510 vestro
950 2467 1125 2524 ingenio
1158 2469 1202 2508 et
1233 2465 1447 2508 industria
1479 2464 1587 2506 mihi
1617 2464 1854 2518 plurimum

1878 1697 1898 1727 (51

273 2626 304 2658 1.
330 2623 486 2667 utroque
512 2621 602 2665 DF,
627 2622 786 2665 utraque
810 2620 902 2655 ΜΗ
921 2623 932 2664 ΙΙ
951 2619 1073 2665 longis
1098 2619 1197 2654 inter
1221 2617 1433 2654 interuallis
1460 2618 1509 2653 M
1523 2619 1534 2663 ΙΙ
1554 2620 1585 2653 4.
1614 2626 1856 2661 consequere-

154 2681 235 2704 mur
256 2669 345 2713 ΨΓ,
371 2679 639 2713 consequemur
658 2680 678 2705 ς
698 2671 709 2712 ΙΙ
729 2667 845 2702 31111111
868 2668 989 2711 Orelli,
1016 2667 1080 2702 uni
1099 2668 1154 2711 M,
1181 2678 1247 2702 om.
1269 2666 1363 2710 ΓΗ,
1385 2670 1418 2701 et
1436 2665 1476 2700 D
1493 2670 1535 2700 ut
1553 2665 1626 2701 vicl.
1646 2666 1658 2709 ΙΙ
1678 2667 1709 2699 6,
1729 2664 1857 2709 gratu-

153 2717 250 2751 larer
281 2716 342 2759 M,
374 2716 542 2762 gratuler
567 2715 684 2750 FHD
714 2717 726 2760 ΙΙ
759 2719 788 2750 7.
822 2717 908 2749 ante
933 2715 974 2750 D
1003 2716 1015 2759 ΙΙ
1046 2718 1076 2749 9.
1103 2716 1141 2748 te
1167 2713 1268 2757 MD,
1299 2725 1365 2748 om.
1394 2713 1477 2748 ΕΗ
1502 2714 1514 2758 ΙΙ
1545 2711 1686 2758 gratia]
1712 2710 1857 2756 gratiae

153 2764 306 2806 MFJD,
338 2766 469 2809 gratae
498 2764 538 2798 Η
547 2762 606 2797 ²D
629 2764 641 2807 ΙΙ
668 2766 722 2798 10.
755 2764 813 2797 est
837 2763 932 2807 (post
956 2761 1123 2806 tertium)
1150 2773 1217 2796 om.
1246 2760 1285 2795 F
1307 2762 1318 2805 ΙΙ
1349 2765 1400 2795 11.
1427 2759 1683 2805 conficiamus]
1711 2757 1857 2792 confici-

154 2823 235 2846 mus
262 2811 341 2846 ⁷111?
355 2815 367 2855 ss
387 2815 441 2846 12.
466 2821 603 2855 magno
629 2820 738 2854 opere
766 2821 785 2847 ς
805 2810 817 2854 ΙΙ
838 2813 891 2844 13.
920 2813 974 2845 14.
1001 2808 1142 2844 recenti
1167 2807 1288 2853 gloria
1313 2807 1374 2842 uel
1399 2806 1560 2842 uictoria
1579 2806 1622 2841 H
1638 2807 1650 2850 11
1671 2809 1724 2839 14.
1753 2808 1797 2839 15
1826 2804 1858 2838 si

155 2869 250 2903 quae
276 2859 337 2902 M,
370 2858 401 2893 si
433 2869 507 2902 qua
536 2857 654 2892 FHD
683 2858 696 2902 11
728 2860 782 2891 15.
809 2859 958 2891 tuorum
989 2868 1033 2891 ecc
1056 2855 1196 2890 tuirum
1221 2855 1264 2889 Η
1270 2855 1290 2898 ¹,
1317 2866 1361 2889 ea:
1385 2856 1535 2888 tuarum
1559 2852 1616 2888 D¹
1649 2855 1660 2897 ΙΙ
1692 2853 1779 2886 sunt
1803 2852 1857 2895 M,

155 2905 232 2940 sint
262 2906 380 2941 FHD
410 2907 422 2950 11
454 2909 507 2940 15.
543 2908 597 2939 16.
630 2914 785 2949 propere
816 2904 866 2938 M
891 2906 902 2946 ΙΙ
935 2907 989 2938 17.
1023 2902 1304 2937 alienissumum
1335 2902 1384 2944 D,
1420 2900 1554 2935 alienis
1587 2910 1772 2934 summum
1806 2898 1858 2941 H,

155 2952 426 2988 alienissimum
451 2952 539 2987 ΜΕ
560 2954 572 2996 ΙΙ
599 2955 652 2986 19.
684 2949 902 2996 popularest
926 2951 986 2994 M,
1020 2949 1200 2995 populare
1225 2950 1283 2983 est
1310 2948 1389 2983 FH
1398 2948 1474 2992 ²1),
1500 2947 1681 2992 populare
1707 2946 1765 2981 Ηι
1791 2948 1803 2990 ΙΙ
1828 2945 1860 2980 si

154 2999 266 3045 plane
292 3000 336 3036 H
357 3002 369 3045 ΙΙ
394 3003 448 3034 19.
476 3003 531 3034 20.
559 2999 693 3033 absens
720 2997 884 3032 omnium
909 2997 1101 3032 hominum
1128 2996 1168 3031 F
1187 2998 1199 3041 ΙΙ
1219 2999 1274 3030 20.
1302 2999 1356 3030 21.
1384 2994 1442 3029 his
1469 3005 1540 3040 ago
1566 2993 1657 3037 HD,
1687 2992 1761 3027 hiis
1786 3002 1858 3038 ago

157 3046 217 3091 M,
249 3058 321 3092 ago
352 3047 410 3082 his
439 3047 475 3081 [a
503 3048 515 3091 ΙΙ
546 3050 601 3081 23.
634 3045 704 3080 hoc
735 3056 758 3080 a
783 3047 819 3079 te
847 3065 889 3070 —
917 3049 973 3080 24.
1004 3045 1134 3089 putem
1164 3044 1267 3078 habet
1299 3043 1446 3077 Nonius
1474 3053 1511 3086 p.
1539 3044 1608 3076 259
1634 3041 1758 3081 Mera,
1791 3044 1815 3076 t.
1841 3039 1858 3073 I

152 3105 190 3139 p.
217 3097 289 3128 404
318 3095 472 3130 Mallem?
498 3105 599 3139 quem
630 3106 660 3128 v.
692 3094 704 3137 u
735 3096 790 3128 23.
823 3092 1010 3127 contundo
1038 3092 1081 3126 M
1111 3092 1124 3135 ΙΙ
1154 3094 1211 3125 24.
1242 3089 1410 3134 paullum
1437 3089 1497 3133 M,
1523 3087 1678 3133 paulum
1711 3087 1828 3122 FHD
1848 3087 1859 3131 ΙΙ

157 3144 214 3176 25.
239 3140 381 3177 farmus
406 3141 463 3185 H,
495 3143 624 3175 furnus
652 3140 691 3175 F
717 3143 729 3184 ΙΙ
759 3142 816 3175 26.
842 3138 912 3185 eis]
938 3139 997 3173 his
1024 3138 1156 3182 FHD,
1188 3136 1263 3172 hiis
1290 3136 1352 3181 M,
1381 3136 1428 3171 iis
1455 3147 1476 3174 ς
1507 3138 1519 3181 ΙΙ
1550 3139 1607 3170 28.
1633 3134 1765 3180 petisti
1789 3134 1828 3169 D
1848 3137 1859 3169 ¹.

158 3191 214 3223 28.
240 3191 296 3224 29.
323 3199 468 3233 semper
497 3190 535 3223 te
566 3189 783 3224 ornamento
808 3188 846 3221 te
874 3186 991 3221 FHD
1009 3188 1021 3231 ΙΙ
1040 3189 1094 3220 29.
1121 3184 1215 3220 mihi
1243 3182 1309 3229 (111)
1335 3188 1419 3229 post
1449 3183 1564 3218 etiam
1589 3182 1659 3227 H1,
1690 3193 1766 3227 exp.
1797 3182 1860 3216 11²

230 3253 292 3281 C1c.
312 3262 358 3286 ep.
377 3254 422 3280 ed.
443 3254 725 3279 Mendelssohn.
1531 3245 1574 3278 27
