2242 3496
681 189 1016 225 EPIS'PVLARVM
1045 191 1102 226 Xl.
1131 196 1161 227 5
1189 196 1219 226 6.
1251 196 1279 227 7.
1308 197 1338 227 8.
1774 193 1859 234 285

866 335 963 377 vn.
1014 334 1152 392 (352.)

361 428 416 469 M.
451 428 662 470 01011110
698 428 737 469 s
774 429 821 470 u.
857 429 904 470 n.
941 430 1134 471 Buv'ro
1176 430 1283 471 uur.
1319 430 1436 473 cos,
1470 430 1658 473 DESIG.

277 522 385 565 Cum
412 523 681 564 adhibuisset
708 524 822 565 domi
851 539 969 566 meac
998 524 1144 579 Lupus
1177 540 1242 566 me
1276 529 1318 566 ct
1345 525 1555 567 Libonem
1583 529 1626 567 ct
1654 524 1861 581 Servium,
1892 538 1903 566 1

159 594 465 636 consobrinum
511 598 654 647 tuum,
706 610 814 649 quae
861 610 955 636 mea
999 595 1129 636 fuerit
1180 597 1418 652 sententia,
1468 611 1676 652 cognosse
1721 601 1763 639 te
1808 613 1856 639 ex

123 663 216 706 sM.
250 663 348 707 Seio
381 665 587 717 arbitror,
620 665 693 719 qui
726 668 876 706 nostro
910 667 1095 708 sermoni
1130 667 1344 708 interfuit:
1384 668 1564 723 reliqua,
1598 683 1858 723 quamquam

158 735 307 777 statim
341 735 486 777 Seium
521 734 751 777 Graeceius
785 739 852 777 est
885 736 1162 788 subsecutus,
1195 740 1340 779 tamen
1372 753 1421 779 ex
1456 738 1660 781 Graeceio
1693 739 1856 794 poteris

157 821 429 862 cognoscere.
491 810 621 861 caput
654 809 798 847 autem
831 810 896 847 est
928 806 1021 861 hoc,
1054 807 1167 861 quod
1199 810 1241 848 te
1274 808 1605 864 diligentissime
1637 811 1856 865 percipere
1884 821 1903 850 ‘2

158 880 200 918 et
232 877 479 919 meminisse
512 876 666 931 volam,
699 881 747 918 ut
779 892 830 918 ne
864 878 907 918 in
940 876 1142 918 libertate
1176 881 1219 919 ct
1252 879 1388 920 salute
1421 895 1460 933 p.
1491 880 1534 921 R.
1567 882 1857 924 conservanda

157 948 462 990 auctoritatem
496 951 669 988 senatus
709 951 930 1002 exspectes
972 949 1161 989 nondum
1194 949 1336 1003 liberi,
1380 965 1431 991 ne
1465 953 1507 992 ct
1539 954 1662 993 tuum
1694 952 1857 994 factum

105 1033 138 1057 10
158 1019 413 1061 condemnes
446 1043 503 1047 —
535 1019 654 1059 nullo
693 1018 807 1059 enim
849 1019 1022 1073 publico
1062 1019 1243 1061 consilio
1284 1036 1372 1061 rem
1405 1037 1442 1075 p.
1477 1022 1733 1078 liberavisti,
1772 1039 1856 1078 quo

157 1089 289 1131 etiam
321 1092 388 1130 est
419 1104 486 1130 res
519 1089 594 1130 illa
626 1089 763 1130 maior
796 1092 839 1131 et
871 1090 1028 1131 clarior
1053 1114 1122 1144 —-,
1156 1093 1198 1131 et
1229 1091 1545 1133 adulescentem
1579 1094 1643 1135 vel
1676 1109 1856 1148 puerum

155 1161 301 1215 potius
335 1158 560 1202 Caesarem
598 1160 759 1202 iudices
798 1164 958 1202 temere
991 1161 1162 1215 fecisse,
1204 1162 1277 1216 qui
1317 1165 1484 1204 tantam
1517 1178 1689 1206 causam
1720 1166 1859 1220 publi-

158 1245 251 1273 cam
282 1231 454 1286 privato
488 1231 669 1273 consilio
704 1233 958 1287 susceperit,
991 1232 1172 1287 denique
1205 1232 1402 1275 homines
1434 1235 1638 1290 rusticos,
1671 1237 1743 1277 sed
1776 1236 1858 1278 for-

156 1302 349 1344 tissimos
388 1302 504 1344 viros
544 1302 734 1356 civisque
773 1304 981 1358 optimos,
1025 1304 1235 1345 dementis
1274 1303 1405 1345 fuisse
1446 1305 1626 1361 iudices,
1670 1307 1858 1361 primum

105 1389 137 1413 15
157 1372 318 1415 milites
362 1376 610 1428 veteranos,
654 1374 969 1416 commilitones
1015 1376 1135 1428 tuos,
1187 1374 1336 1415 deinde
1380 1375 1596 1430 legionem
1641 1376 1857 1432 Martiam,

154 1445 372 1500 legionem
405 1448 615 1499 quartam,
649 1460 756 1499 quae
791 1460 916 1486 suum
943 1445 1164 1487 consulem
1195 1445 1366 1486 hostem
1397 1446 1695 1489 iudicaverunt
1729 1463 1857 1504 seque

155 1515 208 1557 ad
241 1516 425 1557 salutem
463 1516 525 1557 rei
557 1531 596 1570 p.
630 1515 937 1557 defendendam
977 1515 1265 1557 contulerunt.
1328 1517 1528 1558 voluntas
1568 1521 1741 1561 senatus
1778 1535 1857 1574 pro

156 1587 414 1628 auctoritate
448 1586 598 1628 haberi
630 1586 769 1639 debet,
803 1601 899 1628 cum
933 1587 1169 1629 auctoritas
1197 1587 1430 1642 impeditur
1456 1592 1585 1630 metu,
1635 1593 1856 1643 postremo
1884 1602 1903 1632 3

156 1660 356 1712 suscepta
381 1657 462 1699 tibi
489 1672 618 1699 causa
643 1657 730 1699 iam
757 1657 823 1698 bis
851 1660 929 1712 est,
955 1660 1004 1698 ut
1029 1671 1116 1699 non
1142 1657 1199 1698 sit
1226 1657 1462 1713 integrum:
1494 1660 1681 1714 primum
1708 1661 1857 1704 Idibus

106 1743 140 1767 20
158 1727 344 1783 Martiis,
370 1728 520 1770 deinde
553 1728 760 1783 proxime,
790 1728 980 1770 exercitu
1011 1743 1124 1770 novo
1153 1731 1196 1769 et
1229 1729 1364 1783 copiis
1392 1731 1667 1785 comparatis.
1713 1748 1858 1787 quam-

155 1799 303 1840 obrem
347 1799 400 1840 ad
444 1799 589 1840 omnia
632 1799 694 1840 ita,
739 1802 936 1855 paratus,
979 1798 1041 1840 ita
1087 1799 1304 1841 animatus
1351 1800 1480 1842 debes
1529 1817 1639 1852 esse,
1683 1817 1769 1845 non
1810 1807 1858 1845 ut

152 1869 261 1910 nihil
294 1869 426 1911 facias
458 1869 543 1911 nisi
575 1870 736 1925 iussus,
775 1871 848 1912 sed
880 1873 929 1912 ut
961 1885 1011 1912 ea
1042 1884 1186 1926 geras,
1227 1886 1335 1925 quae
1369 1871 1422 1913 ab
1457 1873 1656 1914 omnibus
1690 1888 1857 1916 summa

153 1954 250 1981 cum
283 1941 567 1984 admiratione
599 1941 839 1983 laudentur.

858 2072 978 2115 vm.
1025 2072 1161 2128 (357.)

354 2166 412 2209 M.
445 2166 656 2210 CICERO
693 2166 735 2210 s.
766 2167 817 2209 D.
850 2167 901 2209 D.
934 2167 1129 2210 BRVTO
1163 2168 1279 2210 IMP.
1314 2167 1433 2211 cos,
1466 2169 1654 2213 DEsie.

269 2273 336 2316 Eo
368 2277 562 2329 tempore
593 2273 717 2316 Polla
753 2277 829 2316 tua
866 2275 1003 2330 misit,
1036 2278 1085 2316 ut
1124 2276 1177 2316 ad
1215 2278 1257 2316 te
1297 2275 1333 2317 si
1372 2276 1473 2330 quid
1512 2278 1664 2319 vellem
1704 2279 1848 2320 darem
1880 2291 1893 2320 1

151 2343 414 2400 litterarum,
447 2360 562 2399 cum,
597 2345 697 2399 quid
731 2345 982 2400 scriberem,
1014 2360 1101 2387 non
1133 2345 1365 2401 habebam3
1398 2347 1543 2388 omnia
1581 2348 1695 2389 enim
1730 2352 1854 2390 erant

153 2429 362 2470 suspensa
392 2419 570 2471 propter
596 2416 963 2470 exspectationem
991 2417 1247 2472 legatorum,
1274 2417 1346 2472 qui
1374 2417 1476 2472 quid
1503 2419 1704 2474 egissent,
1729 2420 1855 2461 nihil-

153 2485 254 2526 dum
284 2487 579 2528 nuntiabatur.
641 2487 746 2528 haec
779 2489 924 2528 tamen
958 2487 1184 2529 scribenda
1217 2488 1479 2530 existimavi:
1511 2489 1700 2544 primum
1732 2506 1853 2532 sena-

99 2572 134 2596 30
153 2558 247 2598 tum
278 2557 571 2612 populumque
605 2557 655 2599 R.
689 2558 738 2599 de
771 2560 813 2599 te
846 2558 1043 2600 laborare
1082 2574 1169 2600 non
1207 2559 1347 2600 solum
1386 2559 1538 2602 salutis
1578 2575 1679 2602 suae
1713 2575 1852 2616 causa,

152 2627 226 2669 sed
276 2627 407 2670 etiam
457 2628 686 2684 dignitatis
736 2631 853 2682 tuae3
917 2629 1185 2671 admirabilis
1243 2630 1357 2671 enim
1411 2633 1477 2673 est
1527 2633 1738 2686 quaedam
1789 2634 1854 2675 tui

150 2699 339 2740 nominis
373 2699 529 2740 caritas
563 2714 768 2753 amorque
801 2699 846 2740 in
878 2702 919 2741 te
953 2699 1185 2755 singularis
1213 2701 1406 2742 omnium
1433 2702 1609 2759 civium3
1641 2703 1703 2745 ita
1739 2704 1853 2745 enim

153 2773 330 2824 sperant
362 2773 491 2824 atque
525 2770 763 2824 confidunt,
796 2773 844 2811 ut
876 2773 1002 2812 antea
1042 2785 1159 2825 rege,
1193 2771 1254 2812 sic
1285 2770 1367 2813 hoc
1409 2774 1603 2827 tempore
1643 2788 1778 2830 regno
1811 2778 1853 2817 te

271 2936 302 2968 6.
331 2933 474 2969 saeium
498 2935 532 2969 Ῑι.
554 2935 574 2969 ἶ.
597 2934 645 2968 M
659 2936 670 2978 Η
691 2938 722 2968 8
749 2933 888 2980 volam]
916 2933 1029 2969 velim
1050 2945 1082 2978 ς,
1109 2934 1193 2970 volo
1215 2935 1426 2981 Wesenbmy
1444 2937 1456 2981 ΙΙ
1478 2939 1530 2971 10.
1559 2935 1730 2973 liberasti
1750 2938 1830 2973 HD

153 2983 207 3015 11.
235 2981 292 3015 est
315 2981 390 3027 res]
418 2983 455 3016 et
480 2993 538 3016 res
562 2984 602 3016 Ψ
618 2983 629 3026 ΙΙ
650 2985 704 3016 1(“,
731 2981 917 3027 legionem
944 2983 1116 3026 quartam
1142 2983 1238 3027 MD,
1265 2985 1437 3027 quartam
1463 2983 1508 3018 H
1522 2986 1533 3028 Η
1554 2988 1608 3020 20.
1635 2985 1766 3020 martis
1787 2987 1835 3021 M
1844 2990 1854 3028 l!

152 3027 318 3072 proximo
344 3029 390 3064 H
422 3031 434 3074 ΙΙ
470 3033 526 3063 21.
553 3029 608 3063 ita
635 3040 692 3063 an
721 3029 770 3073 D,
797 3029 847 3063 sit
872 3039 930 3064 an.
958 3029 1121 3074 M1,seu
1148 3041 1206 3065 an.
1230 3012 1300 3064 ’Mc
1302 3059 1310 3073 ,
1337 3032 1375 3065 et
1401 3042 1458 3065 an.
1487 3031 1526 3064 Il
1563 3033 1574 3076 ΙΙ
1612 3033 1654 3066 ut
1678 3044 1751 3068 non
1777 3034 1821 3069 H
1845 3034 1857 3080 ΙΙ

153 3100 208 3132 27.
235 3098 342 3152 quid]
364 3100 464 3144 quod
484 3101 552 3135 alii
570 3103 582 3146 Η
601 3104 656 3135 28.
685 3099 747 3144 qui
774 3099 865 3144 quid
891 3100 957 3135 Mc
964 3100 1016 3144 D,
1041 3099 1130 3143 quid
1157 3100 1247 3145 quid
1274 3086 1594 3148 211¹‚quiquid,c
1620 3116 1642 3139 a
1660 3105 1855 3152 m.1,1111

153 3148 208 3180 31.
237 3145 293 3180 tui
319 3147 503 3191 quaedam
531 3149 568 3183 H
