2242 3542
842 226 1090 261 PRAEFA'l'l(
1103 232 1121 262 v.
1720 227 1831 260 xxm

140 336 429 391 Heidelberga
479 351 513 376 a.
563 336 672 377 1623
724 334 824 376 illuc
877 339 1123 389 asportatus
1173 336 1254 376 cod.
1302 335 1519 376 Palatinus
1565 335 1648 374 598
1704 334 1837 376 chart.

140 421 248 449 saec.
282 405 493 460 XVJXVI
541 406 855 458 miscellaneus,
901 407 971 447 fol.
1005 407 1108 447 233:
1148 405 1201 447 J).
1272 406 1481 460 epistulae
1521 404 1740 447 Cim-roms
1780 406 1891 447 111-1)

140 477 306 532 cipiunt
342 476 440 518 inde
480 492 503 518 a
535 477 607 517 fol.
634 479 714 517 49¹
754 477 825 518 sed
867 477 1034 518 inverso
1075 476 1276 532 ordine.¹)
1338 480 1554 518 correctae
1595 479 1695 517 sunt
1733 478 1776 517 et
1815 491 1838 516 a

140 547 317 589 librario
351 548 445 602 ipso
478 546 583 602 (JV)
623 551 666 588 et
699 551 850 602 postea
889 548 941 588 ab
982 547 1066 588 alio
1104 547 1276 588 homine
1310 546 1416 603 (Βῖ)
1457 548 1528 602 qui
1572 548 1837 601 comparavit
1853 553 1978 588 Ι)“Ι)Ζ

139 618 381 672 exemplum
415 618 629 672 quoddam
664 618 776 672 quod
810 633 858 659 ex
893 617 1082 659 Mediceo
1109 619 1177 669 49,
1204 620 1228 657 {l
1263 622 1354 659 erat
1386 619 1562 660 ductum
1599 622 1836 672 praeterea-

138 703 220 743 que
266 690 381 730 varie
427 692 696 742 corruptum,
741 692 788 730 ut
833 688 897 730 D²
934 689 1023 729 fere
1068 689 1316 730 abiciendus
1362 690 1429 730 sit.
1498 704 1600 730 usus
1646 693 1712 730 est
1756 689 1835 730 hoc

137 760 281 802 codice
321 760 420 800 dum
464 758 775 814 Heidelbergae
821 763 886 800 est
931 758 1105 811 Gruter,
1151 759 1218 800 cui
1264 763 1329 799 est
1373 758 1615 802 ‘Palatinus
1661 761 1836 814 sextus’,

135 829 394 872 Gruteriana
425 830 654 872 collatione
687 833 838 884 postea
872 828 1091 870 Graevius.
1150 829 1253 869 mihi
1289 845 1323 870 a.
1359 830 1466 871 1⁸85
1499 830 1832 886 diligentissime

136 901 321 944 contulit
351 902 403 942 A.
432 901 537 941 Mau
573 900 801 941 Romanus.

253 986 345 1013 esse
383 971 495 1013 hunc
534 970 779 1012 Palatinum
820 971 1014 1025 quamvis
1054 976 1267 1012 recentem
1308 971 1372 1011 tex
1415 972 1578 1024 optimo
1619 972 1729 1013 libro
1769 972 1835 1013 de-

133 1042 360 1097 scriptum'
403 1042 489 1083 iam
533 1056 557 1082 a
603 1040 788 1083 Grutero
835 1045 948 1082 recte
993 1044 1059 1082 est
1103 1041 1357 1081 adnotatum
1401 1040 1470 1095 (ad
1510 1040 1634 1093 XIII,
1668 1042 1742 1096 28,
1776 1043 1834 1095 ὃ»,

131 1116 360 1168 potestque
393 1113 442 1154 de
476 1127 525 1153 ea
556 1127 600 1153 re
639 1111 758 1153 nulla
796 1125 888 1152 esse
927 1110 1160 1152 dubitatio:
1203 1111 1361 1164 quippe
1400 1111 1514 1152 haud
1553 1126 1690 1165 pauca
1727 1126 1833 1166 quae

131 1185 176 1226 in
209 1184 401 1226 Mediceo
438 1184 549 1225 libro
583 1186 657 1224 aut
691 1183 849 1224 omissa
882 1185 983 1223 sunt
1017 1185 1091 1222 aut
1123 1182 1265 1222 minus
1305 1184 1420 1223 recte
1460 1182 1747 1237 conformata,
1790 1184 1834 1224 in

132 1255 170 1296 D
205 1269 353 1296 sanam
386 1255 685 1309 integramque
718 1253 903 1295 formam
935 1252 1097 1293 habent
1133 1252 1308 1293 eandem
1350 1267 1458 1306 quae
1498 1252 1623 1294 hodie
1664 1268 1833 1309 quoque

133 1328 200 1367 est
230 1325 275 1366 in
307 1324 361 1379 H,
392 1324 526 1366 fuisse
560 1325 663 1366 olim
697 1324 834 1366 conici
867 1326 1012 1377 potest
1044 1323 1087 1363 in
1122 1322 1348 1365 (Ie-atandri
1372 1323 1591 1376 -‘ant2·quo'.

249 1396 440 1437 Andreas
466 1395 579 1437 enim
605 1394 834 1436 Cratander
861 1393 1055 1435 Basileae
1083 1409 1118 1435 a.
1142 1394 1254 1435 1528
1283 1394 1426 1434 emisit
1454 1393 1646 1435 omnium
1667 1394 1834 1436 Cicero-

133 1467 200 1508 nis
233 1466 515 1521 epistularum
550 1466 794 1516 editionem,
826 1465 974 1506 multis
1006 1465 1254 1506 nominibus
1282 1479 1376 1506 eam
1402 1465 1650 1507 notabilem.
1702 1469 1832 1520 atque

130 1538 174 1579 in
218 1537 417 1592 epistulis
463 1536 635 1590 quidem
678 1535 882 1578 miscellis
925 1535 962 1576 ei
1005 1535 1167 1591 obtigit
1210 1539 1259 1576 ut
1302 1535 1542 1590 posteriore
1589 1536 1743 1578 saltem
1788 1537 1833 1578 in

132 1611 253 1663 parte
285 1608 349 1649 uti
382 1612 530 1662 posset
562 1608 706 1649 codice
739 1607 883 1661 aliquo
917 1610 1072 1658 vetere,
1105 1607 1177 1660 qui
1210 1609 1258 1647 ut
1287 1606 1560 1660 discrepabat
1587 1622 1611 1647 a
1639 1606 1831 1649 Mediceo

130 1711 254 1747 nensis
280 1711 341 1755 (cf.
365 1711 507 1745 Miintz-
511 1710 630 1745 Fabre
659 1710 712 1745 ‘la
738 1709 994 1754 bibliotheque
1021 1710 1070 1743 du
1090 1709 1251 1744 Vatican
1279 1721 1325 1743 au
1351 1709 1434 1743 XV
1461 1710 1585 1744 siecle'
1614 1710 1718 1745 Paris
1742 1715 1831 1745 1887

129 1759 232 1804 p.11)
259 1759 370 1811 [quae
396 1757 675 1793 Bonifatianam
700 1757 904 1810 praecessit
928 1759 1077 1791 vetusta
1099 1757 1317 1802 pontificum
1336 1756 1578 1800 bibliotheca,
1605 1769 1832 1803 quamquam

129 1805 262 1840 habuit
299 1805 413 1840 etiam
444 1805 619 1850 psrofano
652 1804 848 1850 sciiptores
880 1806 927 1849 (v.
954 1805 979 1839 I.
1007 1804 1046 1839 B.
1074 1804 1120 1838 de
1145 1803 1254 1838 Rossi
1288 1804 1382 1839 ‘.cod
1409 1804 1487 1839 Pal
1514 1786 1610 1839 Lat’
1640 1806 1664 1839 Ι
1693 1806 1831 1840 Romae

130 1856 230 1888 1886.
257 1866 292 1898 p.
313 1852 495 1887 LXXXIII
521 1854 605 1896 sq.),
638 1852 676 1886 in
709 1852 777 1886 hac
811 1851 1029 1896 quaestione
1062 1851 1270 1885 omittenda
1302 1853 1359 1886 est
1390 1854 1431 1885 ut
1432 1854 1518 1896 pote
1550 1863 1682 1896 parum
1713 1854 1828 1899 nota]

127 1899 262 1944 quibus
301 1899 340 1934 in
377 1899 661 1935 collectionibus
697 1911 786 1933 num
827 1899 962 1934 fuerint
995 1898 1180 1933 Ciceronis
1219 1898 1402 1943 epistulae
1432 1865 1588 1933 Idifficile
1622 1902 1676 1934 est
1710 1900 1829 1935 dictu:

126 1947 261 2000 desunt
286 1949 385 1982 certe
411 1946 450 1981 in
475 1947 662 1982 indicibus
690 1947 737 1981 ab
764 1946 892 1981 Ehrlio
919 1946 1040 1980 adhuc
1066 1946 1242 1990 vulgatis.
1290 1945 1406 1980 veluti
1433 1958 1513 1980 cum
1541 1946 1703 1991 plurima
1730 1947 1829 1982 Cice-

126 1993 226 2030 ronis
265 1997 392 2030 extent
430 1994 570 2039 scripta
607 1994 647 2028 in
684 1993 897 2029 recensione
929 1993 1110 2028 librorum
1150 1993 1318 2038 (ir-egoni
1352 1993 1399 2027 XI
1432 2005 1463 2028 a.
1500 1998 1590 2027 1375
1623 1994 1724 2029 facta
1757 1997 1829 2040 (ap

126 2042 164 2077 F.
185 2041 355 2076 Ehrlium
388 2041 489 2076 ‘hist
523 2041 612 2078 bibl.
639 2042 742 2076 Rom.
776 2041 907 2086 pontif.
938 2044 1018 2075 tum
1043 2040 1163 2076 Bonis.
1190 2042 1270 2074 tum
1295 2032 1490 2076 Avenionf
1519 2041 1544 2076 I.
1573 2042 1712 2076 Romae
1740 2046 1830 2077 1890

126 2102 160 2134 p.
180 2091 271 2142 541)
297 2110 340 2114 —
367 2089 430 2133 qui
456 2089 604 2133 quidem
633 2100 732 2134 papa
759 2100 840 2123 cum
866 2088 1027 2122 maxime
1053 2087 1238 2123 Ciceronis
1266 2099 1378 2132 opera
1405 2088 1503 2133 apud
1531 2088 1718 2124 Parisinos
1746 2102 1826 2125 con-

126 2136 223 2181 quiri
248 2136 408 2170 iusserat
434 2148 480 2177 w.
508 2136 555 2170 ib.
583 2149 617 2181 p.
641 2139 721 2179 142)
751 2157 804 2178 —,
832 2135 1075 2181 epistularum
1102 2135 1221 2169 omnis
1249 2135 1353 2169 deest
1378 2135 1566 2170 memoria.

245 2185 281 2228 1)
306 2194 440 2228 operae
466 2183 626 2229 pretium
653 2186 707 2217 est
735 2183 914 2217 adnotare
941 2193 1036 2227 quae
1063 2184 1246 2226 accurate,
1274 2185 1315 2229 ut
1341 2182 1446 2226 solet,
1475 2183 1519 2217 de
1546 2194 1591 2218 ea
1617 2194 1655 2217 re
1682 2184 1830 2218 iettulit

125 2232 165 2264 A.
187 2231 291 2266 Mau:
321 2230 397 2266 ‘.fol
419 2234 464 2264 49
489 2230 599 2274 (fehlt
623 2230 760 2275 nichts)
782 2230 841 2266 XI
871 2235 922 2264 1-
942 2233 997 2273 27,
1025 2235 1046 2263 4
1071 2243 1106 2275 p.
1128 2233 1207 2273 205,
1232 2234 1272 2263 10
1286 2222 1443 2265 Orelli
1471 2230 1629 2264 offitium
1657 2231 1733 2276 (fol.
1757 2235 1827 2266 54.

125 2278 190 2312 der
208 2278 300 2312 Rest
325 2278 389 2312 des
411 2278 551 2312 Briefes
577 2278 627 2312 ist
649 2278 749 2312 dann
769 2289 841 2312 von
861 2290 907 2313 m
930 2282 961 2320 2,
989 2278 1023 2312 d.
1043 2277 1078 2312 h.
1101 2279 1226 2322 sp‘ater
1245 2288 1317 2311 von
1338 2277 1532 2312 deiselben
1552 2277 1672 2321 Hand,
1699 2278 1827 2313 hinzu-

124 2325 264 2371 gefi'igt.
306 2325 470 2360 dieselbe
490 2325 599 2359 Hand
626 2325 692 2359 hat
711 2325 806 2360 auch
828 2336 887 2359 am
908 2325 1057 2370 Anfang
1076 2335 1148 2359 von
1168 2335 1224 2369 ep.
1246 2328 1288 2359 27
1309 2324 1631 2369 beigeschrieben:
1659 2333 1691 2360 Α
1716 2337 1828 2370 quere

125 2372 324 2418 epistolam
354 2372 414 2406 hic
446 2372 679 2407 deficientem
710 2372 748 2406 in
780 2372 875 2407 libro
909 2372 957 2407 ad
984 2371 1206 2407 cornifitium
1238 2372 1283 2405 ad
1312 2371 1387 2406 tale
1415 2371 1572 2416 signum.
1604 2393 1641 2397 —
1671 2372 1733 2408 fol.
1756 2376 1828 2406 54v

125 2419 202 2461 XII,
230 2424 291 2454 1—
303 2423 344 2453 16
371 2419 447 2461 (fol.
471 2424 537 2454 59v
543 2422 565 2465 ).
603 2420 693 2454 Rest
718 2420 783 2454 der
803 2419 902 2454 Seite
928 2419 1012 2454 leer
1044 2440 1083 2444 —
1112 2419 1174 2453 fol.
1197 2422 1241 2452 60
1267 2418 1326 2461 IX,
1356 2423 1421 2452 1—
1426 2422 1469 2453 26
1489 2418 1567 2464 (fol.
1590 2423 1632 2453 67
1645 2423 1686 2464 ').
1726 2420 1826 2454 daun

126 2466 176 2500 ist
199 2467 265 2502 der
285 2467 373 2501 Rest
397 2478 470 2502 von
496 2470 566 2501 67v
593 2467 668 2501 und
695 2471 760 2502 68
770 2466 897 2502 leer.
931 2489 949 2491 a
984 2466 1046 2501 fol.
1069 2469 1112 2499 69
1140 2469 1265 2509 (neues
1286 2465 1376 2500 Heft
1418 2466 1458 2507 X,
1488 2471 1549 2499 1—
1559 2470 1600 2499 17
1628 2466 1705 2501 fol
1728 2471 1791 2501 7.3
1793 2469 1824 2511 ·,)
1872 2494 1874 2497 ,

126 2513 177 2547 fol
247 2514 341 2548 ohne
361 2513 484 2549 Lficke
510 2518 598 2548 26—
606 2518 649 2548 29
675 2514 733 2548 bis
760 2525 872 2559 quam
898 2524 966 2560 ego
995 2523 1041 2559 p.
1065 2517 1145 2556 184,
1164 2516 1208 2546 23
1231 2513 1306 2556 Or)
1325 2531 1369 2542 =
1389 2512 1451 2547 fol.
1475 2516 1528 2548 74.
1573 2513 1611 2546 in
1633 2514 1826 2549 ‹leiselben

128 2559 226 2594 Zeie
251 2559 485 2605 folgt‘Nulla
512 2572 608 2604 esse,
641 2561 675 2596 d.
702 2561 726 2596 i.
753 2562 795 2605 X,
823 2565 879 2605 20,
906 2565 926 2595 3
954 2563 1002 2606 (p
1025 2564 1104 2604 177,
1127 2563 1184 2603 19)
1211 2560 1286 2594 und
1313 2559 1440 2595 weiter
1465 2560 1523 2595 bis
1550 2560 1597 2603 X,
1625 2565 1686 2604 25,
1715 2565 1734 2594 3
1762 2562 1824 2595 sed

126 2608 166 2640 tu
194 2619 242 2651 «p.
265 2611 342 2649 182,
364 2612 434 2642 291.
480 2608 515 2641 in
543 2608 736 2643 derselben
757 2608 855 2643 Zeile
881 2608 961 2653 folg
964 2611 979 2643 t
1004 2608 1046 2651 X,
1074 2612 1116 2641 29
1144 2607 1201 2641 1111
1227 2607 1318 2641 mihi
1345 2609 1391 2652 (p.
1415 2611 1492 2650 184,
1514 2612 1572 2650 23)
1600 2608 1674 2642 und
1699 2608 1826 2643 weit-ei

125 2653 184 2687 bis
217 2665 298 2687 zum
331 2635 482 2688 'Schluss
513 2656 578 2690 ‹les
610 2655 818 2690 Buches—
775 2673 819 2685 =
840 2655 903 2691 fol.
932 2659 999 2690 78
1005 2684 1011 2690 .
1043 2676 1081 2679 —-
1110 2654 1173 2689 fol.
1203 2658 1266 2688 79¹
1278 2660 1289 2674 ’
1324 2655 1408 2698 Xll,
1445 2658 1531 2688 17-—
1537 2658 1576 2688 21
1614 2667 1684 2689 von
1717 2667 1763 2690 m.
1793 2660 1824 2698 2,

125 2701 159 2736 d.
189 2700 224 2735 h.
256 2712 328 2735 von
359 2701 553 2736 derselben
585 2702 693 2736 Hand
726 2703 794 2737 mit
826 2705 940 2737 etwas
974 2702 1129 2737 anderer
1161 2701 1280 2736 Tinte.
1331 2701 1411 2736 dies
1445 2702 1625 2736 scheint
1656 2702 1715 2736 ein
1748 2702 1823 2737 ein-

125 2747 292 2794 gelegtes
319 2747 502 2782 einzelnes
529 2748 643 2793 Blatt,
669 2749 764 2784 doch
789 2749 894 2784 nicht
920 2749 1040 2784 sicher
1065 2760 1108 2782 zu
1135 2748 1374 2784 constatiren.
1404 2771 1417 2773 -
1472 2749 1568 2793 folgt
1594 2760 1704 2784 neues
1724 2750 1822 2784 Heft.

124 2805 222 2830 man.
251 2800 268 2829 1
291 2794 354 2830 fol.
376 2798 420 2828 80
442 2795 518 2838 XII,
545 2799 589 2829 22
639 2799 683 2830 30
704 2796 780 2831 (fol.
803 2800 894 2831 82¹).
980 2796 1043 2830 fol.
1065 2799 1135 2829 82γ
1157 2799 1239 2830 83ῑι
1265 2807 1312 2829 m.
1335 2800 1372 2831 1:
1394 2796 1453 2839 XI,
1481 2801 1534 2831 28.
1576 2808 1633 2830 am
1655 2796 1822 2842 Anfang:

123 2841 249 2877 deficit
268 2842 335 2876 hec
356 2842 514 2887 epistola
534 2842 633 2876 circa
651 2843 761 2877 finem
780 2843 1035 2888 epistularum.
1060 2842 1100 2877 T.
1121 2854 1163 2877 eo
1178 2842 1274 2877 libro
1288 2843 1352 2886 qui
1372 2842 1586 2877 inscribitur
1607 2844 1654 2877 ad
1676 2844 1824 2878 brutum

125 2889 188 2924 ubi
218 2889 296 2924 tale
327 2892 384 2924 est
410 2889 553 2934 signum
585 2895 630 2928 Λ.
680 2890 771 2924 Rest
800 2890 865 2924 der
891 2890 989 2924 Seite
1022 2889 1097 2923 und
1123 2893 1214 2924 84¹V
1246 2889 1331 2925 leer.
1360 2911 1402 2915 ——
1432 2894 1507 2933 85¹,
1539 2890 1577 2924 in
1609 2890 1822 2926 demselben

123 2936 222 2977 Heft,
249 2949 295 2971 m.
319 2940 355 2972 1:
382 2937 477 2980 XIII,
506 2942 534 2971 1.
580 2948 652 2972 von
679 2937 727 2971 da
753 2948 800 2972 an
825 2937 876 2971 ist
901 2948 972 2971 uno
999 2938 1126 2972 tenore
1146 2936 1527 2980 weitergeschrieben,
1554 2937 1592 2971 in
1613 2938 1678 2972 der
1697 2938 1823 2973 frfiher

124 2983 389 3028 angegebenen
415 2984 672 3028 Reihenfolge'
705 3006 742 3008 —-
773 2983 916 3018 scilicet
942 2983 1021 3018 illic
1047 2995 1192 3028 quoque
1219 2984 1401 3029 epistulae
1428 2984 1450 3019 l.
1472 2984 1572 3022 XVI.
1607 2987 1647 3019 ut
1674 2985 1822 3030 ubique,

123 3030 220 3065 falso
252 3031 379 3065 ordine
412 3031 556 3076 positae
590 3033 685 3066 sunt.
742 3031 877 3065 desunt
909 3030 1023 3075 igitur
1049 3043 1094 3076 ep
1098 3031 1180 3076 .,X
1209 3036 1268 3074 18,
1304 3036 1362 3074 19,
1396 3036 1457 3071 20
1492 3038 1500 3065 1
1558 3035 1578 3065 3
1604 3033 1660 3076 (—
1687 3033 1821 3077 quibus

124 3079 254 3119 certe),
287 3078 354 3121 XI,
387 3081 441 3113 29.
493 3079 600 3113 addit
624 3079 727 3113 Mau:
763 3078 869 3113 ‘siber
901 3079 971 3112 den
1000 3044 1094 3113 UrsP
1068 3060 1188 3124 prung
1219 3079 1284 3112 dei
1313 3060 1596 3123 Umstellungen
1629 3079 1727 3113 kann
1762 3079 1820 3113 ich

123 3124 245 3159 nichts
278 3124 476 3161 ermitteln.
527 3139 555 3161 z.
582 3126 647 3161 Th.
679 3125 761 3160 sind
784 3125 826 3169 ja
854 3125 947 3159 wohl
974 3091 1348 3171 Blattpversetzungen
1374 3125 1424 3159 im
1452 3125 1570 3170 Spiel,
1604 3126 1693 3161 aber
1718 3126 1821 3161 nicht

123 3170 163 3205 in
188 3171 308 3206 dieser
333 3172 408 3215 Hs.‚
435 3173 594 3208 sondern
620 3173 658 3207 in
683 3173 784 3207 einer
810 3173 980 3207 alteren’.
