2242 3496
340 1133 352 1162 1

329 1986 348 2015 NJ

394 121 478 162 <250
989 115 1036 149 M.
1065 113 1204 147 TVLLI
1231 111 1480 148 CICERONIS

391 228 626 269 honoribus
667 223 922 277 abundabis3
965 223 1002 262 is
1042 223 1203 274 autem,
1249 219 1321 273 qui
1360 233 1458 261 vere
1496 221 1704 275 appellari
1747 224 1893 276 potest
1935 222 2085 277 honos,

390 314 476 340 11011
508 298 835 339 invitamentum
868 294 919 334 ad
952 296 1134 345 tempus,
1168 290 1240 331 sed
1271 293 1503 344 perpetuae
1530 291 1705 333 virtutis
1738 295 1803 334 est
1834 293 2084 347 praemium.

392 369 688 424 quamobrem,
727 365 784 405 mi
817 363 991 416 Plance,
1029 361 1228 402 incumbe
1261 363 1356 402 toto
1388 364 1561 415 pectore
1594 363 1645 404 ad
1678 364 1865 404 laudem:
1906 363 2084 405 subveni

388 441 571 494 patriae,
614 436 823 490 opitulare
863 433 1072 488 collegae,
1114 432 1307 473 omnium
1345 432 1540 487 gentium
1578 447 1833 475 consensum
1871 437 1915 475 et
1952 434 2084 476 incre-

390 509 564 551 dibilem
603 504 964 559 conspirationem
1004 503 1141 544 adiua.
1203 518 1270 544 me
1304 506 1477 545 tuorum
1516 504 1794 546 consiliorum
1832 505 2085 562 adiutorem,
2118 522 2135 546 5

389 578 613 633 dignitatis
656 579 886 629 fautorem,
933 574 1132 616 omnibus
1171 574 1216 615 111
1254 574 1380 616 rebus
1420 574 1501 616 tibi
1541 575 1850 617 amicissimum
1890 576 2084 618 fidelissi-

388 663 586 702 mumque
627 661 878 701 cognosces,
920 646 971 686 ad
1011 660 1081 686 eas
1120 645 1234 686 enim
1274 660 1443 700 causas,
1483 646 1638 700 quibus
1670 646 1784 687 inter
1820 661 1899 689 nos
1939 662 2082 690 amore

387 734 550 772 sumus,
590 717 761 770 officiis,
803 719 1019 757 vetustate
1053 716 1288 771 coniuncti,
1321 717 1487 770 patriae
1521 717 1679 758 caritas
1713 718 1913 773 accessit,
1950 733 2082 774 eaque

387 790 536 843 effecit,
569 791 617 830 ut
650 791 768 829 tuam
802 787 936 828 vitam
969 787 1228 830 anteferrem
1262 802 1392 829 meae.
1450 800 1499 829 111
1527 788 1577 829 K.
1604 788 1706 842 Apr.

1104 929 1176 971 XI.
1229 928 1363 985 (381.)
2103 947 2136 972 10

932 1024 1201 1067 PLANCVS
1241 1023 1533 1067 CICERONI.

501 1121 750 1163 Inmortalis
790 1135 872 1175 ago
911 1120 992 1161 tibi
1031 1120 1193 1175 gratias
1233 1135 1462 1176 agamque,
1502 1121 1603 1162 dum
1642 1121 1802 1176 vivam3
1840 1136 1938 1162 nam
1977 1122 2081 1163 rela-

379 1195 523 1234 turum
569 1208 634 1234 me
682 1192 907 1233 adfirmare
950 1207 1038 1233 non
1082 1206 1281 1246 possum3
1325 1192 1459 1233 tantis
1505 1192 1618 1233 enim
1666 1193 1750 1233 tuis
1796 1192 1950 1234 officiis
1994 1207 2081 1234 non

378 1264 524 1305 videor
557 1264 615 1304 mi
649 1264 906 1318 respondere
939 1278 1086 1317 posse,
1126 1262 1211 1304 nisi
1242 1263 1374 1317 forte,
1406 1266 1455 1304 ut
1486 1265 1534 1304 tu
1567 1263 1820 1318 gravissime
1853 1263 2082 1305 disertissi-

378 1350 528 1389 meque
558 1335 784 1389 scripsisti,
817 1335 880 1375 ita
905 1349 1107 1376 sensurus
1141 1349 1199 1389 es,
1230 1337 1279 1375 ut
1310 1349 1377 1375 me
1411 1334 1568 1375 referre
1602 1335 1789 1390 gratiam
1815 1337 1952 1388 putes,
1985 1349 2081 1376 cum
2103 1348 2136 1374 15

377 1406 584 1447 memoria
621 1406 788 1447 tenebo.
852 1405 888 1446 si
927 1406 976 1446 de
1015 1405 1094 1445 filii
1135 1404 1199 1446 tui
1238 1405 1451 1460 dignitate
1491 1408 1605 1447 esset
1644 1408 1806 1460 actum,
1851 1405 2080 1448 amabilius

376 1479 491 1518 certe
530 1476 639 1517 nihil
678 1476 816 1517 facere
854 1476 1081 1530 potuisses.
1144 1476 1308 1530 primae
1349 1479 1447 1518 tuae
1491 1477 1730 1518 sententiae
1763 1477 1946 1518 infinitis
1984 1477 2080 1519 cum

374 1548 643 1602 muneribus,
681 1547 945 1602 posteriores
979 1548 1031 1588 ad
1064 1550 1235 1602 tempus
1268 1548 1583 1602 arbitriumque
1617 1548 1854 1589 amicorum
1886 1563 2080 1590 meorum

373 1618 656 1672 compositae,
690 1617 828 1660 oratio
863 1618 1035 1660 assidua
1061 1621 1104 1659 et
1129 1621 1338 1673 perpetua
1370 1619 1420 1660 de
1453 1634 1534 1674 me,
1564 1618 1707 1674 iurgia
1740 1634 1837 1661 cum
1870 1621 2081 1674 optrecta-

373 1690 542 1730 toribus
574 1692 751 1744 propter
784 1704 850 1730 me
883 1689 1114 1730 notissima
1153 1689 1259 1730 mihi
1300 1692 1416 1731 sunt:
1457 1705 1544 1731 non
1577 1690 1804 1732 mediocris
1838 1690 2080 1732 adhibenda
2099 1704 2134 1729 20

375 1760 482 1801 mihi
516 1763 582 1801 est
615 1775 733 1815 cura,
775 1763 823 1801 ut
856 1761 916 1802 rei
948 1776 987 1815 p.
1021 1775 1087 1801 me
1121 1760 1257 1802 civem
1290 1761 1468 1816 dignum
1501 1762 1588 1802 tuis
1621 1760 1819 1802 laudibus
1852 1764 2080 1816 praestem,

375 1832 416 1872 in
453 1832 643 1873 amicitia
675 1835 750 1873 tua
783 1847 1017 1873 memorem
1051 1834 1178 1886 atque
1212 1835 1395 1887 gratum.
1455 1833 1568 1886 quod
1601 1832 1813 1886 reliquum
1848 1835 1925 1888 est,
1956 1835 2079 1874 tuum

375 1918 529 1944 munus
570 1906 689 1944 tuere
730 1906 772 1944 et
812 1918 896 1958 me,
940 1903 993 1957 si,
1037 1918 1164 1958 quem
1203 1917 1294 1944 esse
1334 1903 1527 1958 voluisti,
1574 1919 1671 1945 eum
1711 1904 1828 1945 exitu
1865 1904 2079 1959 rebusque

377 1974 614 2029 cognoscis,
648 1974 823 2016 defende
858 1990 906 2016 ac
938 1975 1118 2029 suscipe.
1182 1990 1278 2016 cum
1310 1974 1568 2016 Rhodanum
1603 1975 1747 2030 copias
1781 1975 1920 2017 omnis
1954 1975 2079 2016 traie-

375 2046 528 2087 cissem
560 2045 825 2100 fratremque
860 2061 956 2087 cum
989 2046 1129 2087 tribus
1169 2046 1344 2087 milibus
1379 2046 1573 2100 equitum
1606 2045 1944 2100 praemisissem,
1984 2045 2077 2100 ipse
2099 2058 2132 2084 25

374 2117 456 2158 iter
489 2117 541 2157 ad
567 2116 780 2158 Mutinam
814 2117 1055 2171 dirigerem,
1088 2117 1132 2158 in
1165 2117 1318 2158 itinere
1353 2117 1402 2158 de
1435 2117 1600 2171 proelio
1634 2117 1749 2159 facto
1779 2116 2001 2170 Brutoque
2035 2119 2078 2158 et

374 2187 543 2229 Mutina
583 2188 805 2242 opsidione
847 2188 1043 2229 liberatis
1089 2188 1250 2229 audivi:
1297 2188 1583 2229 animadverti
1627 2188 1795 2229 nullum
1841 2187 1974 2230 alium
2017 2203 2078 2230 re-

374 2261 545 2313 ceptum
580 2259 816 2300 Antonium
848 2259 1150 2314 reliquiasque,
1186 2274 1294 2313 quae
1327 2273 1423 2301 cum
1456 2274 1505 2300 eo
1540 2261 1697 2314 essent,
1727 2258 1885 2300 habere
1917 2259 2002 2300 nisi
2033 2258 2079 2300 in

373 2330 440 2371 his
473 2329 690 2384 partibus,
729 2331 918 2385 duasque
952 2331 989 2372 ei
1023 2346 1121 2385 spes
1155 2345 1246 2372 esse
1279 2331 1546 2385 propositas,
1584 2345 1712 2371 unam
1746 2329 1896 2384 Lepidi
1927 2329 2077 2384 ipsius,

375 2401 554 2441 alteram
587 2401 812 2443 exercitus.
865 2402 978 2456 quod
1005 2403 1215 2456 quaedam
1243 2417 1342 2456 pars
1376 2401 1588 2443 exercitus
1621 2416 1707 2442 non
1739 2402 1880 2442 minus
1913 2401 2078 2443 furiosa
2096 2413 2130 2438 30

375 2474 440 2512 est
480 2486 608 2525 quam
648 2472 720 2525 (1111
759 2487 855 2513 011111
895 2472 1086 2514 Antonio
1125 2472 1317 2526 fuerunt,
1361 2472 1604 2527 equitatum
1642 2472 1857 2527 revocavi3
1900 2472 1992 2527 ipse
2031 2472 2076 2514 in

494 2603 522 2634 1.
551 2599 788 2634 habundabis
815 2601 896 2635 HD
926 2603 938 2646 11
970 2605 1000 2636 2.
1028 2602 1247 2646 perpetuum
1273 2602 1455 2636 Ruhnken
1491 2601 1680 2646 (Mnemos.
1708 2600 1752 2636 II.
1781 2603 1882 2635 1853.
1905 2612 1943 2645 p.
1964 2601 2047 2644 422)
2066 2600 2078 2645 Η

373 2650 403 2681 3,
442 2648 521 2681 toto
559 2648 724 2693 pectore]
770 2649 814 2691 cf.
858 2648 939 2683 Otto
979 2649 1175 2693 “S'psrfz‘chw.
1203 2650 1236 2683 d.
1263 2648 1326 2683 R.’
1365 2661 1404 2693 p.
1432 2651 1500 2682 270
1537 2650 1548 2692 ΙΙ
1588 2651 1618 2683 5.
1661 2647 1790 2694 adina]
1830 2646 1944 2681 adlua
1980 2647 2074 2691 MD,

375 2693 512 2728 adiuua
539 2695 583 2728 H
611 2697 621 2738 Η
651 2699 681 2729 8.
711 2700 740 2729 9.
769 2707 887 2739 eaque
913 2695 1036 2730 effecit
1061 2696 1112 2740 D,
1139 2701 1181 2740 et,
1208 2697 1369 2731 radendo
1396 2707 1439 2731 ecc
1465 2707 1509 2730 ea
1535 2706 1630 2740 quae
1657 2694 1791 2739 effecit,
1819 2695 1878 2738 M,
1911 2705 1955 2728 ea
1980 2705 2076 2737 quae

373 2740 462 2775 fecit
488 2742 531 2775 H
558 2743 568 2786 Η
602 2746 655 2776 14.
689 2742 741 2777 mi
776 2744 837 2787 M,
871 2755 936 2778 om.
970 2743 1051 2778 HD
1082 2745 1094 2788 l}
1127 2747 1179 2778 14.
1210 2746 1263 2777 15.
1298 2742 1635 2787 dissertissimeque
1668 2743 1717 2777 M
1742 2743 1754 2787 ΙΙ
1786 2745 1839 2776 15.
1874 2741 2074 2787 scripsisti]

374 2789 417 2829 cf.
453 2790 498 2823 B.
526 2790 629 2824 wake
678 2790 741 2825 ‘cle
778 2791 913 2825 Planci
950 2796 983 2825 et
1022 2790 1204 2826 Ozsscerom's
1240 2792 1424 2835 epz'stulis'
1466 2792 1605 2836 (po-0922
1639 2791 1760 2825 Berol.
1795 2790 1899 2832 1866)
1932 2800 1969 2832 p.
1999 2789 2076 2824 2911

376 2838 428 2869 16,
458 2835 680 2879 dignitatem
713 2848 792 2872 esse
824 2838 968 2871 tactum
994 2839 1043 2872 M
1074 2839 1085 2882 Η
1124 2842 1178 2873 20,
1207 2837 1462 2882 adhibendae,
1496 2839 1558 2873 sed
1584 2849 1603 2872 6
1629 2849 1750 2880 emsa,
1781 2837 1828 2870 M
1862 2837 1873 2879 11
1910 2839 1965 2870 22.
1992 2837 2074 2882 tua]

374 2881 426 2914 tui
462 2883 589 2928 Kleqm,
616 2886 767 2919 inim-2501..
806 2887 852 2927 cf.
876 2885 1008 2919 Klots*
1029 2898 1067 2929 p.
1088 2885 1186 2919 LVII
1211 2887 1222 2929 ΙῙ
1251 2889 1306 2919 23.
1334 2885 1474 2919 exitum
1499 2885 1721 2928 rebusquem
1747 2895 1796 2917 cm
1820 2882 1922 2917 exitu
1948 2882 2074 2917 rebus-

376 2939 445 2970 que
473 2931 512 2963 in
538 2931 581 2964 M
601 2932 776 2974 primitus
801 2933 914 2975 fuerit
939 2944 1013 2966 ‘non
1038 2934 1149 2977 liquet
1168 2936 1179 2976 ΙΙ
1206 2936 1261 2967 24.
1289 2944 1489 2977 cognosces
1516 2933 1561 2966 H
1575 2933 1585 2976 ΙΙ
1605 2930 1785 2965 rodanum
1812 2930 1900 2964 MH
1915 2931 1926 2974 ΙΙ
1947 2929 2074 2975 copias

376 2975 493 3008 omnis
519 2978 659 3020 (omnes
686 2979 747 3022 H)
774 2979 855 3014 HD
886 2978 1017 3023 (copiis
1045 2985 1126 3015 ante
1152 2979 1279 3025 copias
1311 2991 1390 3025 exp.
1417 2980 1504 3025 D¹)‚
1540 2978 1666 3022 copias
1692 2977 1741 3012 M
1766 2980 1778 3021 n
1810 2981 1864 3012 25.
1893 2988 1976 3011 cum
2001 2977 2075 3012 tria

375 3021 495 3073 millia
527 3024 573 3057 M
600 3026 611 3068 11
644 3029 697 3059 28.
726 3030 781 3061 29.
814 3025 886 3060 11131
918 3025 957 3060 in
988 3026 1056 3060 has
1087 3029 1213 3071 partes
1241 3028 1452 3072 Wesenberg]
1483 3027 1494 3071 ΙΙ
1526 3029 1580 3059 29.
1614 3025 1781 3068 duasque
1814 3035 1894 3059 esse
1926 3024 1960 3059 ei
1991 3036 2074 3069 pro—

374 3070 527 3113 poffltas,
554 3082 619 3105 om.
647 3083 741 3116 spes,
769 3073 813 3106 H
