2242 3496
422 138 506 179 314
1016 133 1063 167 M.
1092 131 1231 166 TVLLI
1259 129 1509 166 CICERONIS

422 246 630 301 pollulum
665 259 824 298 morae,
863 243 962 283 dum
996 240 1208 295 promissa
1241 239 1454 280 militibus
1485 239 1701 294 persolvo:
1750 255 1862 282 nunc
1895 240 1982 281 iam
2014 255 2110 282 sum

421 316 652 370 expeditus.
716 330 739 354 a
771 317 811 353 te
843 315 960 366 peto,
1000 314 1047 351 ut
1081 309 1338 363 dignitatem
1371 323 1511 350 meam
1549 310 1894 352 commendabam
1925 311 2006 352 tibi
2036 311 2112 352 ha*

424 388 536 440 beas,
563 386 596 426 si
621 399 684 425 me
706 382 921 436 intellegis
943 381 1109 422 nullum
1134 394 1270 433 neque
1297 379 1537 433 periculum
1563 394 1699 433 neque
1725 380 1918 422 laborem
1945 382 2109 435 patriae

423 458 665 509 denegasse,
696 452 732 494 si
765 454 914 493 contra
944 450 1324 505 inportunissimos
1356 449 1546 490 latrones
1574 465 1693 491 arma
1719 451 1812 505 cepi
1837 454 1879 493 te
1906 452 2110 494 hortante

422 530 463 567 ot
496 528 678 571 auctore,
711 523 746 563 si
779 537 864 562 non
897 522 1037 562 solum
1070 520 1303 562 exercitum
1335 520 1387 560 ad
1419 534 1509 560 rem
1534 535 1574 574 p.
1606 520 1937 576 libertatemque
1970 522 2104 564 defen·
2146 543 2161 567 ⁵

421 596 598 637 dendam
632 593 888 647 comparavi,
921 593 993 633 sed
1027 591 1158 633 etiam
1191 590 1500 632 crudelissimis
1527 591 1723 645 tyrannis
1750 592 1905 647 eripui,
1938 607 2045 647 quos
2072 593 2109 635 si

419 666 668 718 occupasset
705 663 950 715 Dolabella,
993 677 1079 704 non
1117 662 1258 703 solum
1297 661 1501 716 adventu,
1547 653 1620 702 sed
1659 662 1789 703 etiam
1829 663 2028 718 opinione
2067 667 2110 706 et

370 753 377 779 ι
418 735 734 789 exspectatione
777 733 988 774 exercitus
1035 733 1101 774 sui
1141 731 1383 773 Antonium
1425 733 1733 774 confirmasset.
1797 748 1903 788 quas
1946 735 2000 776 ob
2041 750 2108 777 res

417 806 574 847 milites
608 808 738 857 tuere,
771 804 807 845 si
841 818 912 845 eos
945 804 1124 844 mirifice
1157 803 1207 843 de
1241 817 1285 843 re
1305 818 1344 857 p.
1378 803 1557 845 meritos
1590 818 1682 845 esse
1715 804 2034 860 animadvertis,
2066 808 2110 847 et

417 876 547 930 effice,
579 891 630 917 ne
665 891 791 929 quem
822 875 1040 929 paeniteat
1073 889 1162 914 rem
1184 889 1222 928 p.
1258 889 1387 928 quam
1420 889 1537 929 spen]
1572 875 1753 929 praedae
1786 877 1829 917 et
1861 875 2109 931 rapinarum
2131 896 2165 921 10

416 948 534 1001 sequi
580 946 795 987 maluisse.
868 946 974 986 item
1020 945 1156 986 Murci
1207 947 1250 985 et
1298 943 1440 999 Crispi
1485 946 1796 1000 imperatorum
1841 946 2111 1002 dignitatem,

416 1020 621 1072 quantum
654 1020 720 1057 est
751 1016 795 1057 in
828 1020 882 1070 te,
914 1019 1052 1070 tuere,
1083 1031 1183 1056 nam
1216 1015 1377 1056 Bassus
1410 1016 1564 1057 misere
1596 1016 1737 1058 noluit
1763 1017 1869 1058 mihi
1896 1016 2111 1072 legionem

414 1089 598 1142 tradere3
632 1087 743 1141 quod
776 1087 860 1128 nisi
893 1087 1054 1128 milites
1088 1087 1224 1128 invito
1258 1101 1307 1128 eo
1340 1086 1509 1142 legatos
1544 1087 1595 1128 ad
1628 1102 1695 1128 me
1729 1086 1968 1143 misissent,
1999 1088 2112 1130 clau-

414 1174 504 1200 sam
536 1159 774 1213 Apameam
806 1158 1035 1212 tenuisset,
1068 1158 1205 1212 quoad
1233 1158 1276 1199 vi
1308 1161 1423 1199 esset
1450 1161 1704 1213 expugnata.
1757 1158 1863 1200 haec
1890 1174 1914 1200 a
1941 1162 1983 1200 te
2009 1162 2110 1214 peto

412 1245 497 1271 non
530 1230 668 1271 solum
701 1229 759 1270 rei
793 1244 849 1283 p.,
890 1244 997 1283 quae
1030 1228 1111 1269 tibi
1145 1243 1313 1283 semper
1345 1228 1428 1270 fuit
1460 1228 1699 1282 carissima,
1739 1230 1810 1270 sed
1845 1230 1976 1271 etiam
2008 1230 2111 1272 ami-
2132 1249 2164 1275 15

413 1301 537 1341 citiae
581 1302 754 1340 nostrae
798 1300 990 1353 nomine,
1042 1315 1170 1354 quam
1221 1299 1388 1341 confido
1440 1300 1552 1354 apud
1596 1302 1638 1340 te
1687 1300 1923 1354 plurimum
1973 1316 2108 1355 posse.

413 1372 532 1412 crede
579 1371 684 1412 mihi
728 1370 841 1411 hunc
886 1371 1139 1424 exercitum,
1190 1385 1317 1425 quem
1361 1371 1517 1425 habeo,
1563 1373 1738 1412 senatus
1783 1373 1911 1425 atque
1957 1372 2110 1426 optimi

412 1442 615 1496 cuiusque
642 1457 734 1483 esse
762 1442 1031 1495 maximeque
1058 1444 1194 1496 tuum,
1221 1442 1270 1483 de
1298 1442 1417 1483 cuius
1444 1442 1668 1483 voluntate
1695 1442 1871 1483 adsidue
1899 1443 2109 1484 audiendo

413 1513 589 1554 mirifice
621 1515 664 1553 te
697 1512 841 1567 diligit
874 1528 1103 1567 carumque
1135 1512 1284 1554 habet:
1318 1513 1389 1568 qui
1423 1512 1459 1554 si
1490 1512 1754 1554 intellexerit
1781 1514 2007 1555 commoda
2032 1528 2110 1554 sua

412 1599 535 1625 curae
568 1583 649 1624 tibi
681 1598 784 1638 esse,
817 1584 970 1626 debere
1003 1584 1134 1626 etiam
1167 1599 1211 1626 se
1243 1584 1324 1625 tibi
1358 1584 1502 1625 omnia
1533 1584 1720 1638 putabit.
2131 1604 2164 1629 20

528 1654 688 1696 litteris
728 1655 901 1709 scriptis
934 1655 1050 1696 audii
1082 1655 1356 1697 Dolabellam
1387 1655 1430 1696 in
1460 1653 1657 1696 Ciliciam
1689 1655 1856 1697 venisse
1890 1670 1987 1697 cum
2020 1654 2109 1696 suis

412 1726 563 1780 copiis:
596 1726 844 1780 proficiscar
877 1726 921 1767 in
949 1726 1157 1769 Ciliciam.
1209 1726 1311 1780 quid
1338 1726 1513 1782 egerim,
1547 1726 1742 1768 celeriter
1768 1729 1817 1767 ut
1843 1726 1967 1780 scias,
1999 1726 2110 1768 dabo

413 1812 604 1851 operam,
637 1812 684 1838 ac
716 1797 857 1850 velim,
890 1801 939 1839 ut
971 1812 1185 1839 meremur
1218 1798 1267 1839 de
1300 1813 1345 1838 re
1378 1794 1428 1852 p.,
1462 1797 1522 1839 sic
1555 1797 1701 1839 felices
1735 1796 1882 1839 simus.
1941 1797 2010 1839 fac
2041 1812 2111 1839 va-

414 1868 502 1909 leas
535 1883 685 1923 meque
719 1883 844 1910 ames.
909 1869 1050 1911 Nonis
1082 1868 1192 1910 Mais
1226 1883 1276 1910 ex
1310 1868 1476 1911 castris.

1111 2035 1229 2077 ΧΙΠ.
1277 2034 1412 2091 (421.)
2130 2052 2164 2078 25

788 2142 832 2184 e.
861 2141 1100 2184 CAssivs
1135 2141 1182 2191 Q.
1211 2141 1251 2184 s.
1281 2141 1329 2184 D.
1357 2141 1413 2183 M.
1441 2141 1735 2184 CICERONI.

530 2247 568 2289 S.
597 2264 632 2289 v.
659 2249 696 2289 b.
725 2264 759 2290 e.
785 2264 824 2291 v.
878 2263 975 2290 cum
1008 2250 1070 2290 rei
1102 2265 1141 2303 p.
1173 2249 1241 2290 vel
1269 2249 1406 2290 salute
1433 2250 1500 2291 vel
1527 2248 1710 2291 victoria
1736 2248 1986 2303 gaudemus,
2015 2249 2107 2288 tum

410 2319 722 2361 instauratione
754 2322 927 2362 tuarum
958 2321 1151 2371 laudum,
1197 2320 1311 2375 quod
1343 2320 1555 2361 maximus
1594 2318 1834 2361 consularis
1872 2318 2109 2359 maximum

411 2390 629 2431 consulem
662 2394 704 2432 te
736 2392 828 2446 ipse
860 2391 1018 2445 vicisti,
1050 2393 1094 2432 et
1124 2391 1338 2432 laetamur
1370 2394 1413 2432 et
1444 2391 1593 2432 mirari
1621 2390 1728 2432 satis
1753 2404 1842 2431 non
1866 2403 2108 2443 possumus.

410 2460 541 2502 fatale
572 2461 716 2504 nescio
750 2462 852 2516 quid
885 2465 983 2504 tuae
1017 2463 1170 2504 virtuti
1201 2463 1351 2504 datum
1381 2487 1428 2491 ——
1459 2462 1501 2503 id
1535 2462 1649 2516 quod
1676 2475 1802 2515 saepe
1832 2460 1920 2501 iam
1945 2459 2110 2514 experti
2130 2478 2165 2503 30

530 2616 559 2647 1.
586 2612 767 2657 pollulum
792 2624 892 2649 more
919 2614 981 2658 M,
1006 2614 1192 2659 pollutum
1217 2625 1357 2649 morem
1384 2614 1474 2649 HD.
1513 2613 1708 2658 paululum
1732 2623 1834 2647 more
1858 2611 1920 2647 D2
1945 2613 1987 2647 in
2011 2624 2079 2657 my.
2099 2612 2112 2658 Η

413 2663 442 2694 5.
471 2660 669 2694 exercitum
697 2661 791 2706 HD,
831 2661 994 2696 exercitu
1025 2663 1079 2697 M.
1125 2661 1308 2696 exercitus
1340 2663 1407 2697 aliz·
1444 2662 1456 2706 11
1493 2665 1524 2696 6.
1564 2672 1656 2705 quos
1689 2659 1812 2704 MD2‚
1851 2659 1951 2704 quod
1982 2659 2080 2694 HDl
2100 2660 2111 2704 Η

412 2709 442 2740 8.
471 2718 562 2750 quas
589 2708 635 2742 ob
661 2709 734 2753 res]
767 2710 813 2752 cf.
841 2709 1207 2754 Nipperdey-Lupus
1240 2710 1289 2745 ad
1314 2709 1407 2754 Nep.
1435 2708 1520 2744 Gon.
1549 2712 1586 2753 1,
1607 2712 1626 2742 1
1659 2709 1670 2752 ΙΙ
1703 2711 1756 2743 12.
1783 2707 1861 2742 inte
1881 2707 2012 2741 -etuere
2037 2707 2084 2740 M
2100 2707 2112 2748 Η

411 2752 542 2788 misere
569 2755 622 2799 M,
648 2755 759 2790 miser
785 2756 865 2790 HD
883 2758 894 2801 ΙΙ
915 2760 970 2792 18.
998 2756 1154 2791 adsidue
1180 2757 1234 2801 M,
1263 2756 1412 2791 assidue
1438 2756 1528 2791 HD.
1568 2757 1613 2798 ef.
1641 2755 1839 2790 Mommsen
1867 2755 1910 2788 (ι’.
1937 2754 2106 2789 Staatsr.’

417 2800 472 2843 ῙῘῘ,
495 2805 525 2841 1,
548 2814 584 2845 p.
607 2806 684 2846 937,
707 2807 726 2836 3
755 2804 766 2847 ΙΙ
797 2807 851 2838 20.
881 2815 918 2838 se
943 2803 1014 2837 tibi
1041 2804 1095 2847 M,
1122 2803 1193 2838 tibi
1219 2815 1257 2839 se
1284 2804 1365 2839 HD
1394 2805 1406 2847 ΙΙ
1437 2807 1492 2838 21.
1521 2802 1640 2848 audii]
1668 2801 1757 2837 audi
1782 2801 1879 2841 ΜΗ,
1906 2799 2035 2835 audiui
2060 2801 2108 2835 D.

413 2850 455 2889 cf.
484 2848 583 2882 Neue
609 2849 665 2882 11²
686 2862 723 2893 p.
746 2854 812 2883 520
839 2853 849 2894 Η
875 2855 930 2886 24.
956 2850 1050 2885 mais
1078 2852 1131 2895 M,
1159 2851 1268 2885 maiis
1295 2851 1376 2886 HD
1399 2852 1411 2895 11
1436 2850 1475 2884 in
1500 2849 1634 2885 castris
1660 2850 1699 2883 D
1728 2850 1740 2894 H
1771 2852 1825 2883 26.
1854 2847 1890 2883 C.
1918 2847 2109 2882 CASSIVS

413 2894 587 2937 (cassium
612 2897 692 2942 M)]
725 2897 763 2932 L.
785 2896 975 2932 CASSIVS
1009 2910 1088 2933 cum
1121 2898 1288 2934 Seltzitzz'o
1320 2899 1465 2933 Krauss
1498 2897 1602 2941 (0170.
1630 2909 1681 2940 ep.
1708 2896 1786 2931 em.’
1817 2907 1855 2939 p.
1877 2898 1922 2928 38
1935 2896 2012 2939 sq).
2049 2896 2110 2929 sed

417 2940 558 2976 Cassius
595 2943 801 2979 Parmensis
839 2956 919 2979 eum
956 2945 1175 2980 Drumamzo
1207 2946 1255 2989 (II
1283 2958 1319 2990 p.
1343 2949 1420 2980 153.
1449 2947 1531 2989 162>
1569 2949 1601 2979 et
1632 2944 1766 2978 Raetio
1797 2941 1989 2987 (Coro-esp.
2019 2941 2106 2977 Cic?

409 2998 446 3030 12·
468 2990 525 3031 56)
553 2991 806 3035 intelleqemlus
831 2996 881 3026 est
899 2993 911 3037 ΙΙ
931 2990 971 3033 Q.
999 2992 1048 3026 Μ
1067 2996 1100 3026 et
1124 2994 1199 3028 ind.
1223 2993 1319 3035 MH,
1346 3004 1411 3027 om.
1433 2992 1514 3026 HD
1532 2992 1543 3035 ΙΙ
1563 2995 1618 3025 29.
1644 2989 1768 3034 ipsum
1791 2989 1882 3033 ipse,
1909 2990 1969 3023 sed
1987 2987 2109 3033 ipsum

414 3034 560 3115 gebi-D
596 3037 607 3080 Η
643 3037 825 3080 possimus
852 3039 900 3073 M
932 3040 944 3083 ΙΙ
981 3042 1035 3074 30.
1068 3039 1108 3073 id
1134 3040 1233 3083 quod
1262 3042 1315 3084 Ψ,
1348 3039 1461 3083 idque
1489 3050 1519 3076 ς.
1564 3039 1608 3081 ef.
1637 3038 1773 3072 Becher
1800 3036 2048 3082 ‘Spq-achyebr.
2073 3037 2108 3071 d.

445 3091 484 3115 ae
502 3082 569 3115 cus’
594 3095 632 3126 p.
654 3087 696 3116 ‘253
709 3096 756 3128 sq.
