2242 3496
50 1109 83 1134 10

46 1463 79 1488 15

42 1818 76 1844 20

38 2316 70 2342 25

576 222 910 259 EPISTVLAHVM
939 226 1014 261 Vll.
1045 231 1096 262 10.
1127 232 1178 262 11.
1210 233 1261 263 12.
1292 234 1342 263 13.
1726 234 1803 274 107

112 326 385 368 honestatem
424 331 467 369 et
510 329 736 373 facultates
783 336 878 374 tuas
923 349 1103 390 augeas,
1147 337 1212 378 sin
1259 340 1402 379 autem
1447 338 1531 380 ista
1574 340 1806 396 frigebant,

112 396 292 451 recipias
326 401 367 438 te
400 399 450 439 ad
483 413 574 441 nos.
632 403 775 444 omnia
802 407 957 459 tamen,
991 421 1097 460 quae
1131 408 1206 463 vis,
1238 411 1281 450 et
1314 412 1388 451 tua
1419 410 1577 452 virtute
1610 413 1804 465 profecto

111 468 156 508 et
184 470 336 509 nostro
370 483 537 511 summo
571 486 672 527 erga
706 476 746 514 te
780 475 922 516 studio
956 491 1226 532 consequere.

830 626 926 667 XII.
971 627 1079 683 (51.)

681 716 892 760 CICERO
924 720 1231 766 TREBATIO.

223 808 435 864 Mirabar,
488 811 589 865 quid
635 815 769 867 esset,
819 815 932 867 quod
978 818 1025 856 tu
1073 818 1177 859 mihi
1229 819 1397 862 litteras
1448 823 1620 865 mittere
1672 825 1799 866 inter-
1831 837 1843 866 1

104 879 316 922 misisses:
360 880 565 922 indicavit
609 881 715 922 mihi
758 881 899 924 Pansa
942 899 1060 926 meus
1102 887 1359 942 Epicureum
1405 894 1446 933 te
1491 907 1582 934 esse
1625 894 1799 938 factum.

103 965 128 992 o
161 954 305 993 castra
334 951 573 1006 praeclara!
632 951 733 1006 quid
765 955 812 993 tu
845 952 1031 1007 fecisses,
1064 956 1099 996 si
1134 960 1174 998 te
1201 958 1432 1002 Tarentum
1468 966 1510 1003 et
1542 979 1627 1006 non
1656 964 1799 1007 Sama-

102 1021 319 1063 robrivam
358 1022 601 1064 misissem?
663 1023 749 1063 iam
787 1026 880 1064 tum
922 1025 1028 1066 mihi
1060 1042 1145 1068 non
1178 1029 1394 1085 placebas,
1434 1048 1529 1074 cum
1568 1034 1679 1076 idem
1711 1039 1799 1078 tue·

102 1093 222 1147 bare,
250 1093 364 1148 quod
395 1092 582 1149 †Zeius,
614 1093 840 1135 familiaris
874 1109 1003 1136 meus.
1067 1098 1140 1138 sed
1173 1114 1358 1153 quonam
1392 1104 1516 1145 modo
1551 1105 1640 1147 eius
1674 1106 1797 1149 civile
1824 1119 1843 1148 2

100 1162 313 1217 defendes,
345 1178 441 1205 cum
474 1165 618 1206 omnia
650 1167 726 1206 tua
758 1179 886 1206 causa
918 1165 1062 1221 facias,
1094 1183 1180 1210 non
1213 1170 1398 1214 civium?
1455 1175 1528 1215 ubi
1560 1191 1688 1230 porro
1722 1178 1797 1220 illa

99 1234 183 1276 erit
226 1233 414 1276 formula
462 1235 664 1277 fiduciae:
718 1248 778 1277 vr
824 1248 967 1278 INTER
1011 1250 1159 1281 BONOS
1203 1253 1323 1283 BENE
1367 1256 1510 1286 AGIER
1555 1250 1796 1290 OPORTET?

98 1305 236 1360 †quis
269 1305 384 1347 enim
421 1308 505 1360 est,
544 1306 616 1361 qui
654 1305 760 1348 facit
797 1306 906 1348 nihil
938 1307 1022 1349 nisi
1056 1323 1132 1350 sua
1165 1313 1321 1354 causa?
1385 1315 1498 1368 quod
1531 1317 1596 1358 ius
1630 1320 1795 1361 statues

99 1387 310 1419 COMMVNI
349 1388 634 1431 DIVIDVNDO,
676 1391 806 1432 quom
845 1392 1068 1421 commune
1108 1381 1215 1422 nihil
1252 1385 1391 1437 possit
1431 1400 1522 1427 esse
1561 1389 1670 1442 apud
1711 1405 1796 1445 eos,

97 1447 173 1502 qui
205 1447 350 1489 omnia
380 1448 604 1502 voluptate
638 1462 715 1489 sua
747 1447 1014 1490 metiuntur?
1075 1453 1288 1504 quomodo
1322 1458 1465 1496 autem
1498 1457 1579 1501 tibi
1610 1459 1796 1512 placebit

97 1518 248 1561 IOVEM
278 1530 485 1560 LAPIDEM
517 1518 672 1574 iurare,
703 1517 800 1560 cum
833 1519 944 1561 scias
972 1519 1119 1562 Iovem
1145 1522 1305 1564 iratum
1336 1539 1427 1566 esse
1453 1527 1615 1568 nemini
1640 1532 1795 1583 posse?

97 1589 199 1644 quid
230 1590 306 1632 fiet
335 1604 465 1645 porro
504 1590 665 1644 populo
698 1589 942 1645 Ulubrano,
984 1591 1020 1632 si
1053 1594 1101 1633 tu
1133 1594 1337 1636 statueris
1370 1597 1678 1641 πολιτεύεσθαι
1708 1616 1795 1642 non

96 1660 325 1716 oportere?
381 1675 524 1715 quare,
557 1660 593 1702 si
624 1661 752 1715 plane
785 1676 809 1702 a
840 1661 966 1703 nobis
1000 1662 1157 1718 deficis,
1189 1664 1368 1707 moleste
1401 1667 1505 1723 fero,
1537 1669 1602 1710 sin
1629 1670 1793 1714 Pansae

95 1731 313 1774 adsentari
357 1732 694 1786 commodumst,
738 1732 938 1788 ignosco:
983 1734 1110 1776 modo
1153 1735 1290 1777 scribe
1336 1737 1564 1792 aliquando
1610 1742 1661 1782 ad
1701 1757 1793 1797 nos,

96 1801 198 1858 quid
229 1816 334 1858 agas
367 1805 410 1844 et
442 1817 467 1844 a
496 1803 623 1845 nobis
657 1802 760 1858 quid
791 1803 885 1845 fieri
918 1806 992 1846 aut
1025 1805 1166 1846 curari
1198 1806 1314 1848 velis.

807 1967 927 2010 xm.
973 1968 1082 2024 (52.)

542 2063 598 2104 M.
631 2062 845 2106 CICERO
881 2062 921 2105 s,
954 2063 1004 2105 D.
1036 2064 1341 2108 TREBATIO.

208 2158 384 2201 Adeone
416 2173 483 2200 me
515 2157 725 2200 iniustum
763 2173 855 2200 esse
889 2159 1163 2215 existimasti,
1204 2163 1252 2202 ut
1290 2160 1371 2202 tibi
1409 2161 1631 2218 irascerer,
1671 2167 1783 2219 quod
1824 2167 1826 2172 '

88 2244 242 2284 parum
285 2229 393 2271 mihi
437 2232 639 2272 constans
679 2232 723 2270 et
759 2229 940 2271 nimium
984 2231 1162 2285 cupidus
1208 2232 1437 2274 decedendi
1483 2232 1688 2288 viderere,
1733 2237 1788 2277 ob

90 2315 270 2356 eamque
303 2315 475 2343 causam
513 2315 580 2342 me
620 2300 879 2342 arbitrarere
916 2301 1086 2343 litteras
1120 2302 1172 2343 ad
1203 2305 1246 2343 te
1279 2302 1439 2344 iamdiu
1470 2317 1556 2344 non
1588 2305 1788 2347 misisse?

89 2371 198 2413 mihi
240 2371 513 2427 perturbatio
564 2371 696 2413 animi
745 2372 831 2427 tui,
885 2386 1013 2426 quam
1057 2372 1208 2427 primis
1252 2373 1410 2414 litteris
1461 2374 1786 2430 perspiciebam,

90 2442 334 2485 molestiam
365 2443 532 2498 attulit,
572 2457 709 2498 neque
743 2442 828 2484 alia
858 2442 948 2484 ulla
979 2443 1062 2484 fuit
1099 2458 1227 2485 eausa
1264 2443 1596 2486 intermissionis
1630 2445 1786 2499 epistu-

209 2574 238 2607 7.
264 2582 385 2616 pansa
415 2582 518 2606 meus
552 2571 612 2616 Μ,
643 2571 845 2616 pansenius
879 2573 946 2616 (vel
977 2574 1190 2616 pausemus)
1219 2572 1268 2614 G,
1306 2581 1504 2615 pausemus
1531 2572 1566 2606 R
1602 2574 1614 2615 ΙΙ
1651 2572 1783 2617 Epicu-

86 2618 207 2664 reum]
233 2620 278 2662 cf.
312 2619 444 2654 Usener
469 2618 623 2664 Epicur
650 2631 684 2663 p
706 2623 751 2654 94
763 2631 812 2664 sq.
840 2622 908 2653 325
940 2620 951 2663 ΙΙ
983 2629 1060 2653 esse
1087 2620 1124 2652 te
1153 2619 1186 2653 G
1216 2620 1227 2662 ΙΙ
1260 2622 1290 2652 9
1317 2629 1390 2652 11011
1415 2617 1591 2662 placebas
1618 2619 1671 2662 M,
1699 2631 1782 2654 con-

86 2665 264 2710 placebas
305 2666 377 2702 GR
414 2667 425 2711 ΙΙ
463 2669 582 2701 9.10.
621 2666 776 2701 tuebare
814 2667 1036 2709 Lambinus,
1081 2665 1274 2700 intuebare
1312 2666 1364 2709 Ω,
1409 2666 1450 2699 tu
1489 2665 1642 2700 tuebare
1685 2668 1784 2713 aliiu

89 2716 144 2748 10.
170 2712 270 2748 zeius
297 2713 357 2758 M,
389 2724 474 2748 zeus
503 2713 585 2749 GR.
625 2713 730 2749 Seius
758 2713 956 2756 thorius,
990 2711 1108 2747 Selius
1140 2713 1217 2746 aliz.
1250 2724 1323 2746 uon
1355 2713 1464 2756 ltquet
1500 2714 1511 2756 Η
1547 2723 1708 2765 quonam
1733 2715 1781 2758 R,

87 2759 265 2804 quoniam
291 2760 336 2803 G,
363 2760 526 2805 quodam
551 2761 600 2795 Μ
626 2763 637 2805 ΙΙ
670 2764 805 2796 11.12.
835 2759 905 2794 erit
929 2741 996 2793 illa
1021 2759 1057 2794 R
1088 2760 1099 2802 Η
1132 2763 1184 2793 13.
1213 2760 1269 2792 est
1294 2758 1392 2793 enim
1420 2759 1463 2794 G.
1491 2759 1573 2803 quis
1601 2759 1698 2794 enim
1725 2762 1781 2795 est

88 2807 263 2860 (bonus)
288 2788 502 2861 Manutius,
527 2807 610 2852 quis
637 2807 735 2842 enim
761 2806 935 2853 (bonus)
963 2807 1019 2840 est
1046 2807 1074 2840 11
1082 2807 1272 2850 'esenberffi
1304 2805 1386 2850 quis
1413 2805 1509 2840 enim
1539 2807 1627 2852 [est]
1658 2807 1781 2851 Orelli,

86 2865 169 2898 quis
194 2855 262 2900 (vel
286 2854 364 2900 qui)
390 2854 489 2890 enim
514 2856 638 2900 potest
658 2855 943 2897 Klotz²q,11u1n
969 2853 1000 2886 is
1026 2852 1177 2886 minime
1205 2852 1254 2886 sit
1280 2853 1423 2888 Krauss
1441 2855 1452 2897 ΙΙ
1471 2852 1528 2886 ius
1555 2854 1696 2887 statues
1718 2837 1782 2888 M}

86 2912 131 2936 ex
160 2901 262 2937 iusta
291 2904 374 2937 tues
405 2904 417 2947 ΙΙ
450 2906 503 2938 14
531 2912 723 2937 commune
752 2882 823 2936 GR
855 2902 865 2944 ΙΙ
897 2899 1098 2934 diuidendo
1124 2901 1159 2933 Ω
1189 2902 1200 2945 ΙΙ
1231 2901 1358 2945 quom}
1394 2910 1506 2943 quani
1531 2901 1592 2939 M
1624 2911 1705 2934 cum
1731 2902 1779 2946 R,

85 2959 169 2983 cum
194 2960 214 2984 e
242 2950 276 2985 G
307 2952 318 2994 ΙΙ
350 2953 404 2985 17.
437 2949 575 2994 populo
607 2947 813 2993 Ulubrano]
849 2949 894 2990 cs.
919 2948 954 2982 ('.
975 2948 1005 2981 I.
1027 2947 1071 2981 L.
1100 2947 1130 2980 X
1152 2959 1188 2991 p.
1211 2950 1278 2981 642
1311 2949 1322 2992 ΙΙ
1352 2947 1696 2982 ΠΟΛΕΙΤΕΥΕΕΕΑΙ
1723 2949 1777 2984 M.

85 3009 193 3043 etiam
219 3008 291 3044 GR
322 3010 486 3054 corrupti
522 3010 533 3053 ΙΙ
572 3012 625 3042 19.
660 3006 945 3050 commodumstl
979 3006 1211 3039 commodum
1244 3007 1281 3040 et
1306 3007 1356 3049 Ω,
1392 3005 1626 3040 commodum
1652 3008 1709 3041 est
1728 3008 1780 3054 ςΙΙ

86 3081 141 3112 23.
173 3077 352 3114 irascerer
389 3079 488 3123 quod
519 3078 675 3113 nimium
714 3076 867 3121 cupidus
907 3075 1109 3110 decedendi
1142 3066 1248 3111 uider
1231 3064 1309 3088 rere
1342 3078 1445 3119 (corr.
1472 3088 1516 3111 m.
1544 3077 1579 3121 2)
1611 3077 1648 3111 et
1679 3078 1778 3121 quod

83 3134 216 3169 parum
240 3125 334 3160 mihi
360 3127 533 3161 constans
560 3126 605 3161 ob
633 3135 787 3168 emique
814 3134 965 3158 causam
992 3123 1025 3158 G
1044 3125 1056 3168 ΙΙ
1075 3126 1130 3159 25.
1158 3123 1395 3169 arbit1arere]
1422 3122 1603 3158 arbitrare
1623 3124 1778 3169 Madviq

86 3171 452 3218 (‘adv.crit.2111p
474 3175 569 3218 159),
594 3174 767 3218 speciose:
792 3171 835 3206 de
859 3171 978 3215 forma
996 3182 1028 3206 v.
1049 3170 1151 3206 Neue
1175 3171 1232 3205 ΙΙ2
1253 3183 1292 3216 1¹·
1313 3174 1380 3204 395
1400 3172 1412 3215 ΙΙ
1431 3173 1485 3206 27.
1513 3170 1591 3205 ulla
1616 3183 1681 3207 om.
1705 3172 1776 3207 GR
