2242 3496
390 145 474 184 310
984 137 1030 170 M.
1058 134 1197 168 TVLLI
1224 133 1475 169 ClCERONiS

390 251 572 293 Romani
606 250 823 302 totiusque
857 244 1007 286 Italiac
1042 243 1150 283 mira
1176 242 1400 283 consensio
1427 245 1506 284 est.
1561 242 1668 284 haec
1695 244 1817 283 erant
1842 242 1943 297 fere,
1970 256 2078 296 quae

391 322 470 363 tibi
502 323 605 362 nota
637 334 726 360 csse
760 316 925 368 vollem3
960 329 1073 355 nunc
1105 316 1248 354 autem
1281 316 1397 367 opto,
1428 315 1478 353 ut
1511 313 1563 354 ab
1595 313 1693 354 istis
1727 312 1916 354 Orientis
1949 313 2080 367 parti-

393 393 471 433 bus
504 390 677 432 virtutis
711 391 808 429 tuae
841 386 985 426 lumen
1017 385 1193 425 eluceat.
1244 383 1348 424 vale.

1101 524 1175 565 vi.
1220 522 1358 580 (376.)

972 629 1184 673 CICERO
1222 628 1426 672 CAssio
1463 629 1501 671 s
2119 659 2134 684 5

345 755 358 784 1
507 740 588 789 Qui
622 742 760 780 status
793 753 936 779 rerum
968 737 1098 778 fuerit
1131 739 1242 790 tum,
1282 751 1379 778 cum
1408 736 1486 777 has
1519 737 1689 778 litteras
1722 737 1837 792 dedi,
1870 738 1978 780 scire
2010 754 2081 793 po-

388 812 489 853 tcris
523 826 571 851 cx
605 809 648 851 G.
668 809 783 850 Titio
819 807 1043 861 Strabone,
1076 807 1168 848 viro
1201 808 1316 849 bono
1349 810 1392 848 et
1425 807 1586 862 optime
1619 808 1669 849 dc
1702 823 1747 849 re
1779 824 1818 863 p.
1852 808 2040 850 sentient
2073 826 2083 835 ·

387 897 485 924 nam
519 881 619 934 quid
653 880 792 921 dicam
826 878 1126 933 ‘cupidissimo
1159 878 1223 919 tui
1236 878 1260 931 ²,
1294 878 1368 932 qui
1400 878 1527 919 domo
1556 881 1599 919 et
1625 878 1813 920 fortunis
1840 879 2004 921 relictis
2032 824 2084 921 affl

388 957 429 994 te
469 951 742 1006 potissimum
779 950 999 1005 profectus
1039 949 1130 990 sit?
1193 949 1340 1003 itaque
1381 964 1479 990 eum
1511 950 1593 991 tibi
1624 965 1676 991 ne
1710 951 1962 992 commendo
1996 951 2085 1006 quiss

342 1037 360 1066 2
389 1025 501 1077 dem,
534 1023 739 1064 adventus
771 1021 907 1075 ipsius
942 1020 994 1061 ad
1026 1023 1068 1060 te
1101 1019 1208 1060 satis
1241 1035 1338 1060 eum
1372 1021 1700 1062 commendabit.
1763 1023 1812 1062 tu
1852 1020 1981 1062 velim
2023 1022 2086 1064 sic
2107 1037 2140 1062 10

389 1094 607 1136 existimes
647 1091 812 1145 tibique
850 1091 1128 1146 persuadeas,
1173 1105 1297 1132 omne
1335 1091 1583 1147 perfugium
1623 1092 1838 1133 bonorum
1877 1092 1923 1133 in
1959 1095 2002 1134 te
2043 1095 2087 1134 et

394 1165 529 1206 Bruto
570 1177 661 1203 esse
698 1162 909 1217 positum,
955 1161 1011 1216 si,
1057 1162 1171 1216 quod
1211 1162 1365 1218 nolim,
1408 1163 1575 1205 adversi
1610 1163 1709 1217 quid
1744 1163 1946 1204 evenerit.
2007 1178 2089 1219 res,

392 1250 486 1276 cum
519 1234 624 1274 haec
658 1233 917 1287 scribebam,
949 1235 1041 1274 erat
1072 1232 1117 1273 in
1149 1235 1388 1274 extremum
1421 1234 1605 1275 adducta
1637 1231 1888 1288 discrimen,
1924 1233 2087 1276 Brutus

389 1306 502 1347 enim
536 1304 728 1345 Mutinae
761 1303 832 1344 vix
862 1303 950 1344 iam
983 1303 1242 1345 sustinebat:
1270 1304 1343 1358 qui
1376 1305 1411 1345 si
1444 1307 1722 1346 conservatus
1756 1304 1857 1359 erit,
1889 1305 2087 1359 vicimus;

389 1377 455 1417 sin
485 1399 543 1405 —-
575 1375 687 1429 quod
729 1374 771 1415 di
813 1389 938 1416 omen
977 1376 1194 1416 avertant!
1229 1399 1302 1430 ——,
1347 1376 1487 1417 omnis
1531 1375 1723 1417 omnium
1756 1390 1905 1417 cursus
1938 1379 2005 1417 est
2037 1376 2089 1418 ad
2111 1391 2142 1416 15

387 1462 473 1489 vos.
551 1444 728 1500 proinde
769 1445 836 1487 fao
879 1445 1070 1487 animum
1110 1448 1281 1487 tantum
1321 1446 1481 1488 habeas
1526 1449 1782 1501 tantumque
1824 1449 2090 1502 apparatum,

391 1520 549 1572 quanto
583 1531 690 1571 opus
722 1519 788 1558 est
820 1516 871 1557 ad
903 1517 1150 1558 universam
1182 1532 1272 1558 rem
1303 1533 1343 1572 p.
1375 1518 1723 1572 recuperandam.
1784 1517 1891 1559 vale.

1098 1657 1197 1700 vn.
1249 1657 1387 1716 (367.)

974 1764 1187 1808 CICERO
1222 1764 1427 1808 CAssio
1464 1765 1503 1808 s

346 1886 361 1916 1
508 1872 676 1922 Quanto
716 1873 859 1914 studio
898 1872 1157 1928 dignitatem
1194 1875 1314 1914 tuam
1353 1875 1397 1914 et
1434 1873 1480 1914 in
1519 1875 1672 1914 senatu
1710 1876 1753 1914 et
1792 1873 1845 1915 ad
1877 1873 2086 1928 populum
2106 1890 2140 1915 20

395 1944 673 1999 defenderim,
718 1959 768 1985 ex
805 1944 890 1985 tuis
929 1946 972 1985 te
1013 1944 1127 1985 malo
1168 1958 1295 1998 quam
1335 1959 1386 1985 ex
1425 1959 1493 1985 me
1533 1958 1812 1999 cognoscere3
1859 1959 1968 1999 quae
2000 1959 2096 1986 mea

395 2015 608 2057 sententia
634 2015 678 2056 in
698 2017 849 2057 senatu
874 2014 1000 2057 facile
1019 2015 1239 2070 valuisset,
1264 2015 1349 2056 nisi
1372 2015 1512 2057 Pansa
1530 2016 1807 2058 vehementer
1838 2015 2094 2070 opstitisset.

394 2102 442 2128 ea
475 2087 688 2128 sententia
719 2085 834 2128 dicta
865 2087 1100 2140 productus
1134 2101 1229 2127 sum
1262 2086 1306 2128 in
1339 2087 1584 2128 contionem
1610 2102 1635 2128 a
1661 2090 1712 2128 tr.
1734 2087 1792 2142 pl.
1816 2086 1872 2128 M.
1895 2085 2094 2128 Servilio:

392 2156 479 2199 dixi
511 2158 560 2198 de
592 2161 648 2212 te,
680 2171 787 2212 quae
813 2157 949 2212 potui,
980 2160 1104 2198 tanta
1131 2158 1419 2212 contentione,
1453 2161 1664 2212 quantum
1688 2157 1833 2199 forum
1859 2159 1940 2212 est,
1971 2160 2094 2199 tanto

395 2228 580 2270 clamore
619 2242 913 2282 consensuque
951 2228 1118 2283 populi,
1155 2231 1205 2270 ut
1242 2228 1352 2270 nihil
1384 2243 1591 2283 umquam
1624 2229 1765 2270 simile
1796 2228 1988 2271 viderim.
2051 2229 2093 2270 id
2114 2244 2149 2270 25

393 2299 520 2340 velim
559 2299 665 2339 inihi
702 2299 901 2354 ignoscas
934 2300 1048 2354 quod
1080 2300 1219 2341 invita
1252 2314 1378 2341 socru
1409 2302 1485 2342 tua
1515 2299 1708 2341 fecerim:
1751 2298 1907 2340 mulier
1943 2298 2097 2340 timida

393 2370 631 2424 verebatur,
656 2384 709 2410 ne
736 2369 899 2411 Pansae
927 2370 1093 2411 animus
1122 2370 1420 2412 offenderetur.
1458 2371 1504 2412 in
1530 2370 1731 2412 contione
1760 2370 1935 2424 quidem
1954 2369 2096 2412 Pansa

394 2440 501 2481 dixit
538 2443 721 2481 matrem
760 2455 928 2495 quoque
970 2444 1089 2482 tuam
1133 2444 1176 2482 et
1207 2441 1387 2483 fratrem
1420 2442 1542 2483 illam
1576 2457 1599 2482 a
1632 2455 1699 2482 me
1733 2441 1994 2482 sententiam
2023 2455 2096 2482 no-

395 2510 526 2552 luisse
559 2511 660 2565 dici,
705 2512 778 2552 sed
817 2527 884 2553 me
916 2512 1023 2554 haec
1054 2527 1141 2554 non
1172 2513 1424 2568 movebant,
1462 2513 1546 2554 alia
1577 2511 1854 2567 †malebam:
1897 2511 2096 2553 favebam

351 2592 369 2621 2
397 2583 439 2621 et
472 2581 532 2622 rei
558 2596 609 2635 p.,
643 2581 711 2623 cui
744 2597 910 2637 semper
941 2583 1040 2638 favi,
1073 2586 1117 2625 et
1150 2584 1354 2639 dignitati
1387 2599 1435 2626 ac
1467 2583 1632 2639 gloriae
1659 2585 1770 2625 tuae.
1813 2582 1925 2637 quod
1951 2585 2096 2624 autem
2115 2599 2150 2624 30

398 2654 441 2692 et
478 2651 523 2692 in
562 2655 713 2694 senatu
753 2654 952 2707 pluribus
986 2655 1129 2696 verbis
1163 2655 1344 2697 disserui
1377 2655 1479 2710 (et)
1511 2655 1599 2696 dixi
1631 2655 1676 2696 in
1708 2654 1925 2708 contione,
1969 2653 2015 2694 in
2045 2667 2095 2695 eo

397 2722 525 2762 veliin
564 2723 694 2764 fidem
737 2739 877 2765 meam
920 2725 1097 2781 liberes,
1140 2726 1322 2780 promisi
1361 2726 1475 2768 enim
1513 2729 1557 2767 et
1593 2740 1727 2781 prope
1766 2724 2015 2767 confirmavi
2053 2727 2096 2765 te

420 2895 426 2900 Ι
517 2854 545 2883 7.
573 2849 670 2884 Titio
697 2851 905 2895 Ifflmutius,
929 2852 1024 2888 tidio
1054 2856 1093 2888 Ψ
1115 2855 1126 2898 ΙΙ
1153 2857 1206 2888 10.
1235 2853 1514 2888 commendabit
1540 2854 1631 2898 HD,
1658 2852 1732 2887 -uit
1756 2853 1806 2887 M
1824 2853 1836 2897 ΙΙ
1863 2855 1916 2887 12.
1944 2851 1976 2885 si
2004 2851 2096 2895 HD,

400 2907 455 2928 sm
483 2896 529 2929 M
542 2897 553 2940 Η
575 2900 627 2932 14.
654 2897 729 2931 iam
755 2898 817 2932 vix
843 2899 888 2932 H
901 2900 913 2944 ΙΙ
933 2899 1156 2946 sustinebat]
1184 2902 1229 2944 cf.
1257 2902 1352 2936 Boot
1377 2902 1425 2936 cul
1454 2898 1524 2936 Cic.
1552 2902 1601 2936 (ιά
1626 2901 1703 2935 Aet.
1729 2899 1814 2942 VII,
1837 2903 1868 2943 7,
1890 2903 1909 2932 5
1935 2900 1946 2943 ΙΙ
1976 2902 2029 2933 15.
2058 2898 2096 2933 di

401 2943 459 2984 M,
487 2942 539 2976 dii
565 2944 644 2978 HD
675 2946 686 2989 Η
718 2946 788 2990 est]
817 2945 886 2980 erit
913 2947 1062 2982 Ernesti
1093 2950 1103 2992 ΙΙ
1137 2952 1190 2984 17.
1217 2947 1498 2993 reciperandam
1526 2959 1546 2985 ς
1578 2949 1590 2992 ΙΙ
1621 2950 1675 2981 23.
1704 2957 1726 2980 a
1750 2946 1806 2990 D,
1843 2945 1892 2980 ad.
1916 2946 2020 2990 MH,
2048 2945 2096 2980 ab

408 2989 614 3035 H'esenbery
633 2992 644 3034 Η
664 2996 718 3026 25.
744 2991 839 3026 nihi]
858 3005 1035 3037 umquam
1054 2995 1148 3039 MD,
1174 3006 1378 3039 numquam
1397 2996 1442 3030 H
1457 2997 1467 3040 ΙΙ
1487 2999 1542 3029 28.
1570 3005 1592 3028 a
1611 3004 1669 3027 me
1689 3005 1754 3028 om.
1776 2993 1857 3027 HD
1875 2994 1887 3037 Η
1905 2996 1960 3028 29.
1981 2992 2096 3038 male-

402 3034 503 3080 bam]
529 3037 706 3072 valebant
731 3039 875 3074 Krauss
907 3041 991 3085 Cep.
1018 3043 1095 3076 em.’
1120 3055 1158 3087 p.
1181 3044 1257 3087 32),
1291 3047 1383 3078 recte
1409 3047 1519 3087 puto,
1555 3040 1756 3075 movebant
1784 3040 1897 3075 Orelli
1926 3041 1938 3084 ΙΙ
1970 3043 2026 3076 30.
2052 3051 2096 3074 ac

402 3081 558 3127 gloriae]
578 3085 627 3118 sic
651 3087 695 3118 Ψ.
733 3088 776 3128 cf.
801 3086 836 3121 Ο.
861 3088 978 3122 11111‘.
1002 3089 1137 3124 Malles
1159 3090 1228 3125 Cic.
1249 3101 1302 3134 op.
1326 3090 1369 3133 Π,
1391 3093 1409 3123 1
1431 3090 1480 3124 (αἱ
1501 3101 1540 3134 1).
1562 3091 1641 3132 441,
1664 3091 1707 3121 14
1727 3089 1738 3132 ΙΙ
1758 3090 1812 3124 31.
1835 3089 1896 3123 alt.
1919 3089 1956 3123 ct
1975 3099 2041 3124 om.
2059 3090 2098 3122 Ψ
