2242 3542
878 219 1161 255 PRAEFATIO.
1830 223 1872 256 [x

174 327 333 369 saeculi
365 327 552 369 hominis
587 326 658 382 (cf.
680 327 802 369 ‘hist
823 328 953 370 litter.
977 328 1026 370 de
1054 329 1095 370 la
1121 328 1300 370 France'
1327 328 1431 370 XIV
1463 345 1502 384 p.
1525 330 1666 385 susq„
1700 329 1878 373 Schaar-

173 397 362 441 schmidt
402 413 506 440 mus.
540 397 676 440 Rhen.
714 398 818 440 XIV
861 414 898 453 p.
926 399 1012 440 200
1027 398 1128 455 sq.):
1167 401 1239 442 ille
1279 400 1381 455 quin
1420 401 1682 455 posteriores
1722 403 1876 444 saltem

174 469 310 511 libros
357 473 455 511 octo
500 470 670 511 noverit
714 469 904 511 dubitari
948 485 1032 511 non
1079 474 1237 525 potest.
1253 471 1284 527 ¹)
1353 472 1494 514 minus
1537 475 1654 514 certa
1695 473 1877 515 duorum

173 540 357 582 aliorum
400 554 529 582 causa
567 543 652 595 est,
693 556 789 583 cum
826 541 1023 582 universe
1064 545 1354 584 memorentur
1393 542 1612 586 Ciceronis
1654 544 1876 598 epistulae.

172 611 292 666 prior
333 613 399 653 est
440 611 682 655 Reinaldus.
724 613 980 665 praepositus
1020 611 1392 656 Hz‘ldesheimensis.
1456 615 1575 656 cuius
1615 614 1720 657 haec
1760 619 1879 657 extat

173 681 360 738 epistula
383 707 432 712 —
457 683 619 738 scripta
644 697 694 724 ea
719 683 832 724 inter
858 697 994 724 annos
1020 684 1128 724 1147
1152 686 1194 725 et
1218 685 1341 737 1156,
1369 700 1405 726 v.
1425 684 1463 727 J.
1479 685 1665 727 Janssen
1683 686 1878 728 ‘Wibald

171 769 255 796 von
290 753 441 797 Stablo
474 755 560 796 und
593 753 782 809 Corvey'
813 753 999 796 Mona-st.
1032 755 1142 796 1854
1182 771 1219 809 p.
1247 757 1332 798 283
1369 781 1417 785 —
1456 757 1507 798 ad
1542 756 1778 799 Wibaldum
1812 758 1878 799 ab-

172 825 302 867 batem
325 823 597 867 Corbeicnsem
631 824 715 880 (ap.
743 825 918 867 Iaffeum
956 826 1167 868 ‘monum
1196 825 1459 869 Corbeiens.'
1491 844 1530 882 p.
1558 827 1682 883 326):
1716 829 1879 883 ‘quam-

172 895 237 938 vis
269 895 401 938 Tullii
439 896 573 938 libros
612 896 771 938 habere
804 897 1034 951 desideres,
1074 897 1162 939 scio
1197 900 1340 939 tamen
1380 898 1664 941 christianum
1697 903 1740 941 te
1773 915 1878 954 esse,

170 982 257 1010 11011
282 967 610 1010 Ciceronianum
638 1001 797 1010 ......
842 967 997 1010 Libros
1023 968 1171 1023 igitur,
1205 969 1278 1023 qui
1306 970 1417 1024 apud
1443 984 1523 1011 nos
1550 974 1663 1024 sunt,
1689 970 1877 1012 Tullium

172 1039 223 1080 de
255 1038 349 1093 lege
383 1039 555 1094 agraria
587 1042 629 1080 et
662 1039 906 1093 Philippica
938 1042 981 1081 et
1020 1040 1227 1094 epistolas
1264 1040 1373 1093 eius,
1411 1041 1534 1083 vobis
1569 1042 1878 1084 transmisisse-

174 1101 289 1166 mus3
321 1110 393 1151 sed
420 1124 506 1151 non
534 1113 600 1152 est
627 1111 951 1153 consuetudinis
979 1111 1091 1165 apud
1117 1125 1210 1167 nos,
1242 1115 1291 1152 ut
1323 1112 1414 1153 sine
1446 1112 1572 1154 bonis
1599 1113 1877 1155 monimentis

172 1181 304 1236 aliqui
345 1180 474 1224 alicui
514 1181 831 1223 concedantur?
895 1197 1002 1236 quae
1042 1182 1176 1224 ‘bona
1215 1182 1502 1224 monimenta'
1544 1198 1640 1225 611111
1681 1183 1879 1239 proxima

171 1252 357 1307 epistula
380 1252 608 1294 Wibaldus
633 1252 843 1295 Reinaldo
872 1253 1093 1306 obtulerit,
1119 1254 1343 1308 probabile
1372 1257 1438 1296 est
1457 1253 1878 1297 Hildesheimensem

171 1323 296 1365 illum
329 1323 613 1379 epistularum
645 1324 776 1365 Tullii
811 1324 1001 1366 codicem
1033 1325 1408 1366 transcribendum
1443 1325 1623 1380 missum
1656 1341 1748 1368 esse
1777 1324 1877 1368 Cor-

171 1393 372 1451 beiam.²)
400 1420 454 1425 —
482 1395 592 1437 alter
625 1398 690 1438 est
722 1395 838 1437 homo
865 1396 1011 1449 Italus,
1039 1396 1267 1437 ‘dictandi’
1295 1411 1402 1451 quae
1436 1399 1529 1438 tum
1557 1397 1739 1439 florebat
1769 1398 1876 1439 artis

170 1524 264 1559 riam
291 1523 518 1569 perlegerem
542 1546 582 1548 -ὴ-
606 1525 735 1559 ext-ant
761 1535 818 1569 ap.
845 1524 1029 1567 Mignium
1053 1524 1186 1570 patrol.
1214 1525 1294 1560 Lat.
1322 1526 1347 1559 t.
1371 1528 1437 1558 189
1462 1546 1519 1567 -,
1554 1525 1647 1560 nihil
1679 1525 1778 1570 quod
1804 1526 1877 1561 11116

170 1572 311 1606 faceret
342 1571 483 1607 inveni:
517 1582 561 1606 ex
594 1571 758 1616 antiquis
792 1572 1034 1616 scriptoribus
1066 1572 1173 1606 unius
1206 1572 1282 1607 fere
1312 1571 1459 1606 Horatii
1492 1572 1555 1607 ille
1588 1573 1776 1607 studiosus
1809 1575 1875 1618 est,

172 1630 291 1654 sermo
318 1619 397 1665 ipse
424 1619 540 1654 aetati
569 1621 847 1654 consentaneus.

290 1668 324 1705 1)
350 1666 450 1701 locos
483 1666 530 1701 ab
562 1666 699 1701 Ioanne
731 1678 775 1701 ex
807 1666 978 1712 epistulis
1014 1666 1106 1712 ipsis
1141 1668 1332 1712 excerptos
1368 1667 1516 1711 praeter
1547 1679 1661 1702 unum
1692 1668 1876 1703 indicavit

171 1713 287 1749 Orelli
313 1713 462 1759 (praef.‘-·
487 1726 521 1759 p.
544 1713 612 1747 VII
626 1715 703 1758 sq.).
750 1715 838 1748 sunt
863 1715 987 1749 autem
1014 1715 1191 1758 quattuor
1215 1713 1275 1749 hi:
1303 1725 1357 1759 ep.
1382 1717 1448 1748 169
1475 1715 1621 1759 (patrol.
1649 1715 1729 1750 Lat.
1757 1717 1782 1750 t.
1807 1720 1873 1751 199

169 1774 203 1806 p.
227 1765 292 1795 162
314 1761 471 1805 Mignelz
500 1760 573 1796 Cic.
595 1772 650 1805 ep.
672 1761 749 1804 XV,
772 1765 826 1805 16,
848 1766 885 1803 33
913 1772 968 1806 ep.
992 1765 1058 1796 179
1079 1761 1307 1806 (11.176Μ.);
1335 1761 1406 1797 Cic.
1429 1772 1484 1806 ep.
1508 1762 1567 1805 IX,
1590 1766 1644 1806 10,
1667 1768 1704 1806 33
1732 1774 1787 1808 ep.
1808 1767 1874 1797 186

124 1848 130 1853 ,
167 1811 302 1854 (11496
316 1809 398 1844 MA:
420 1808 492 1844 Cic.
515 1819 570 1853 ep.
586 1808 663 1851 XV,
679 1813 733 1850 11,
750 1813 787 1847 2;
810 1820 864 1854 ep.
883 1812 948 1843 188
963 1811 1011 1854 (p.
1030 1813 1096 1843 199
1110 1810 1190 1854 M.>:
1212 1809 1347 1844 Cic.fil.
1360 1820 1415 1854 ep.
1429 1809 1523 1853 XVI,
1539 1814 1594 1853 21,
1608 1814 1640 1852 7,
1660 1812 1702 1844 ut
1717 1810 1875 1845 videtur.

168 1867 263 1900 quae
282 1857 479 1901 praeterea
498 1856 598 1901 apud
618 1856 794 1891 Ioannem
814 1858 918 1891 extat
938 1856 1124 1891 Ciceronis
1145 1856 1390 1902 epistularum
1409 1857 1599 1899 memoria,
1621 1869 1704 1892 eam
1725 1857 1876 1892 aliunde

169 1903 318 1938 fluxisse
337 1914 422 1938 vere
443 1903 539 1938 dixit
559 1903 690 1939 Orelli:
717 1915 805 1938 nam
824 1903 951 1939 Metal.
972 1904 998 1948 Ι,
1021 1908 1063 1938 21
1086 1906 1134 1949 (p.
1159 1908 1223 1939 851
1241 1904 1305 1947 M.)
1325 1904 1439 1939 refert
1453 1903 1708 1945 Quintilianea
1722 1906 1747 1948 I,
1772 1909 1806 1949 7,-
1819 1909 1875 1948 34,

171 1950 342 1986 Policrat.
363 1951 429 1994 III,
453 1955 497 1984 14
523 1952 571 1996 (p.
594 1954 660 1985 509
675 1951 739 1994 Μ.)
772 1951 1015 1986 Macrobiana
1040 1952 1088 1994 Π,
1114 1957 1151 1994 4,
1174 1955 1234 1995 13,
1261 1951 1435 1986 Policrat.
1457 1952 1558 1996 VIII,
1581 1956 1623 1986 12
1653 1955 1700 1998 (p.
1725 1956 1791 1987 759
1812 1953 1877 1997 Μ.)

170 1998 410 2033 Macrobiana
429 1998 490 2041 ΠΙ,
514 2002 568 2042 14,
591 2002 644 2033 11.
690 1998 791 2043 quali
820 2000 945 2034 autem
973 2009 1016 2033 ex
1042 1999 1170 2034 codice
1197 2010 1316 2043 quove
1343 2001 1510 2044 tempore
1545 2002 1636 2034 nata
1662 2000 1711 2034 sit
1737 2000 1875 2045 epistu-

167 2045 288 2080 larum
315 2045 382 2080 illa
407 2045 559 2086 notitia,
597 2057 639 2081 60
667 2046 857 2081 difficilius
884 2046 922 2081 in
948 2047 1084 2081 Ioanne
1111 2047 1215 2081 dictu
1242 2047 1341 2090 quod
1367 2047 1398 2081 is
1425 2047 1607 2092 excerptis
1639 2047 1876 2092 potissimum

167 2104 254 2128 usus
281 2104 394 2138 opera
425 2104 492 2128 sua
521 2094 742 2139 conscripsit
769 2096 815 2134 (v.
837 2094 1142 2129 Schaarschmidt
1167 2094 1189 2129 1.
1214 2106 1241 2129 c.
1269 2106 1304 2138 p.
1326 2096 1420 2138 221).
1465 2094 1541 2129 iam
1574 2096 1660 2129 sunt
1692 2095 1874 2140 epistulae

167 2139 256 2175 illae
289 2141 400 2175 datae
432 2140 480 2175 ab
507 2141 642 2175 Ioanne
669 2152 687 2175 e
714 2141 838 2176 Gallia
870 2142 935 2176 ubi
966 2143 1064 2184 tum,
1102 2142 1124 2177 i
1152 2153 1182 2177 e
1211 2153 1243 2177 a
1267 2144 1374 2181 1166,
1414 2141 1499 2176 exul
1532 2142 1693 2187 degebat
1725 2142 1871 2187 locique

166 2187 332 2222 Tulliani
364 2187 551 2232 desumpti
583 2199 627 2223 ex
658 2188 926 2234 posterioribus
960 2189 1205 2234 epistularum
1236 2169 1487 2229 miscellarum
1519 2189 1637 2225 libris.
1688 2190 1816 2234 itaque
1843 2190 1874 2225 si

167 2235 250 2279 quis
277 2235 414 2271 dixerit
440 2235 626 2271 Gallicum
651 2235 815 2280 aliquem
840 2236 1019 2271 librorum
1045 2237 1141 2271 IX—
1145 2237 1229 2271 XVI
1255 2236 1421 2271 codicem
1446 2238 1526 2271 tum
1545 2237 1705 2282 primum
1725 2238 1874 2272 Ioannis

167 2282 206 2317 in
229 2293 362 2318 manus
387 2283 550 2327 venisse,
586 2283 617 2317 is
644 2295 717 2318 non
742 2286 868 2329 potest
892 2284 1084 2329 redargui,
1117 2295 1184 2319 nec
1209 2284 1330 2329 magis
1358 2284 1389 2318 si
1415 2284 1498 2328 quis
1529 2285 1720 2330 putaverit
1744 2285 1873 2320 Ioanni

167 2329 243 2365 iam
268 2332 348 2365 tum
374 2341 457 2365 cum
482 2313 700 2366 adulescens
728 2331 766 2365 in
793 2331 918 2367 Gallia
945 2332 1012 2366 sub
1039 2331 1229 2377 magistris
1257 2343 1301 2367 ex
1325 2333 1432 2377 parte
1469 2331 1602 2367 saltem
1636 2332 1874 2376 antiquitatis

168 2378 381 2413 amantibus
407 2378 543 2413 litteris
570 2389 721 2432 operam
753 2379 870 2414 dabat
895 2380 941 2423 (v
964 2379 1088 2414 Metal.
1110 2380 1160 2423 Π,
1183 2383 1226 2414 10
1251 2392 1285 2424 p.
1308 2382 1376 2413 867
1396 2379 1444 2414 M.
1449 2381 1477 2423 ),
1511 2379 1578 2413 has
1611 2379 1792 2424 epistulas
1820 2379 1873 2414 in-

166 2425 342 2460 notuisse.
387 2425 517 2460 eodem
542 2428 668 2461 tamen
694 2426 772 2461 iure
798 2426 863 2461 ille
894 2426 1021 2472 putari
1051 2429 1176 2472 potest
1208 2437 1269 2461 eas
1303 2426 1528 2471 excerpsisse
1561 2426 1669 2470 alibi,
1702 2427 1724 2462 i.
1752 2438 1782 2462 e.
1809 2438 1875 2472 per

166 2472 340 2507 itinerum
360 2472 608 2518 multiplicem
627 2472 866 2510 varietatem:
893 2485 981 2508 nam
1003 2474 1198 2519 ‘Alpium
1188 2485 1277 2519 luga
1297 2473 1529 2508 transcendit
1549 2473 1682 2518 decies,
1705 2485 1874 2517 egressus

168 2519 358 2563 Angliam
397 2519 574 2566 Apuliam
612 2521 773 2555 secundo
811 2521 1042 2566 peragravit,
1082 2521 1314 2556 dominorum
1348 2522 1385 2555 et
1417 2520 1620 2555 amicorum
1651 2503 1804 2565 negotia
1835 2521 1873 2555 in

167 2566 326 2601 ecclesia
338 2567 508 2602 Romana
528 2568 676 2613 saepius
697 2568 824 2612 gessit,
846 2570 883 2603 et
903 2569 1178 2613 emergentibus
1193 2568 1308 2603 variis
1326 2567 1448 2602 causis
1469 2579 1541 2602 non
1560 2568 1670 2602 modo
1684 2568 1871 2622 Angliam‚

167 2613 230 2648 sed
257 2615 296 2648 et
314 2613 457 2649 Gallias
483 2614 676 2650 multoties
698 2615 922 2650 circumivit’
945 2616 1072 2650 Metal.
1094 2616 1144 2650 III
1163 2616 1254 2661 prol
1276 2618 1394 2660 11889
1414 2615 1598 2659 Μ.,(11166
1618 2616 1733 2650 verba
1752 2616 1871 2661 p1im0

169 2672 201 2696 a.
224 2664 316 2695 1160
337 2661 475 2706 scripta
494 2661 664 2697 indicant
683 2662 819 2698 itinera
840 2663 936 2698 inter
956 2675 987 2698 a.
1011 2667 1101 2697 1148
1122 2665 1160 2698 et
1163 2629 1270 2697 p115‘.)
1276 2629 1339 2697 pab
1360 2661 1426 2696 illo
1446 2644 1620 2708 suscepta
1640 2665 1686 2707 (v.
1704 2663 1745 2697 R.
1761 2663 1871 2698 Pauli

169 2707 360 2744 ‘Zeitschr.
375 2708 399 2743 f.
414 2707 694 2744 Kirchenrecht’
712 2710 806 2745 XVI.
824 2713 925 2746 1881
947 2724 980 2755 p.
998 2714 1065 2744 272
1083 2713 1160 2755 6(1,.)
1202 2710 1241 2744 111
1260 2709 1382 2745 medio
1403 2709 1519 2754 igitur
1537 2721 1594 2745 res
1615 2710 1870 2754 relinquenda.

162 2755 215 2790 .de
242 2755 400 2799 Anglico
427 2757 553 2790 tamen
578 2756 704 2791 codice
730 2768 803 2791 non
829 2757 1082 2802 cogitaverim.

286 2805 321 2845 2)
349 2802 588 2837 Corbeienses
616 2802 801 2838 Ciceronis
831 2805 959 2849 ‘opera
984 2805 1170 2847 universa,
1196 2805 1484 2849 quantacunque
1508 2804 1665 2839 inveniri
1686 2806 1872 2858 poterunt,

166 2849 204 2884 in
229 2862 344 2884 unum
369 2849 541 2885 volumen
570 2850 713 2886 confici'
741 2851 939 2886 voluerunt
963 2851 1052 2893 (1.6.
1080 2864 1113 2896 p.
1136 2853 1229 2897 327),
1256 2851 1424 2897 exemplo
1452 2852 1551 2886 haud
1577 2863 1678 2895 raro,
1706 2851 1809 2887 velut
1834 2852 1871 2886 in

166 2897 340 2942 catalogo
367 2897 619 2932 bibliothecae
647 2897 810 2942 Ottonis,
839 2898 1003 2944 episcopi
1029 2898 1280 2942 Pataviemis,
1313 2911 1344 2934 a.
1368 2902 1459 2934 1254
1485 2901 1556 2934 est:
1594 2899 1698 2934 item
1725 2899 1871 2934 Marcus

166 2944 312 2979 Tullius
327 2944 485 2980 Cicero
476 2957 512 2979 in
533 2956 606 2979 uno
622 2945 1035 2990 volumine’(Se1-ap.t
1051 2946 1196 2992 XXVp
1200 2949 1306 2990 ,2415)
1327 2948 1506 2990 erantque
1526 2947 1657 2981 eodem
1677 2957 1771 2982 saec.
1787 2947 1871 2981 XIII

166 2992 266 3037 apud
297 2992 577 3027 Lemovicenses
612 2994 754 3027 omnes
780 2992 908 3027 Tullii'
939 2993 1141 3029 (Delislel.
1170 3005 1199 3029 c.
1226 2994 1318 3039 Hp.
1342 2998 1408 3028 502
1442 3006 1475 3028 n.
1497 2995 1591 3039 223).
1636 2994 1715 3028 voti
1746 2994 1805 3028 illi
1829 2995 1872 3028 ut

166 3038 241 3074 sint
267 3041 454 3085 compotes
486 3040 593 3083 facti,
630 3039 916 3075 incertissimum
948 3042 1072 3075 tamen
1105 3042 1162 3076 est
1191 3053 1279 3076 num
1311 3041 1400 3085 quid
1433 3040 1544 3075 hodie
1576 3051 1619 3076 ex
1652 3040 1871 3076 collectione

165 3085 233 3120 illa
271 3097 423 3149 operum
456 3086 641 3122 Ciceronis
683 3087 851 3132 supersit.
903 3088 1003 3132 quod
1034 3087 1132 3123 enim
1163 3090 1249 3134 post
1280 3088 1373 3123 alios
1399 3088 1654 3123 Wattenbach
1685 3088 1868 3133 (Schrift-

167 3135 304 3168 wesen'
333 3146 368 3179 p
390 3135 492 3177 454²,
523 3133 922 3178 Geschichtsquellen’
952 3135 1010 3169 11⁵
1034 3138 1174 3180 p.241)
1200 3135 1334 3170 statuit
1356 3137 1618 3179 Erfurtensem,
1644 3146 1741 3170 nunc
1760 3135 1869 3170 Bero-

168 3179 362 3227 linensem,
389 3163 554 3216 codicem
579 3182 643 3227 (F
670 3193 703 3217 v.
731 3181 842 3228 infra)
868 3193 946 3217 esse
974 3183 1095 3217 ortum
1120 3193 1164 3218 ex
1189 3182 1359 3218 Wibaldi
1391 3182 1459 3217 illa
1485 3193 1614 3228 opera,
1647 3182 1684 3216 id
1712 3183 1869 3218 multam
