2242 3496
88 989 120 1013 10

87 1489 118 1514 15

85 2199 119 2225 25

667 226 1000 261 131'18'1'V1.ARVM
1034 226 1125 260 xm.
1156 229 1184 260 ἶ.
1213 230 1243 260 8.
1272 231 1302 260 ’.1.
1749 223 1836 265 345

137 336 276 378 dicam
309 350 395 377 non
426 349 518 377 esse
551 350 573 376 e
606 350 650 376 re
683 351 720 390 p.
754 335 903 389 dividi,
945 335 1096 377 docere
1136 338 1178 376 te
1217 334 1379 390 videar,
1423 347 1509 375 non
1547 347 1719 389 rogare3
1764 333 1837 375 sed

138 410 294 461 tamen,
327 421 423 448 cum
456 405 615 447 Caesar
649 405 847 448 Sullanas
881 406 1148 448 venditiones
1176 409 1218 447 et
1245 405 1566 461 adsignationes
1600 407 1716 446 ratas
1744 418 1834 445 esse

137 477 253 532 velit,
286 491 371 532 quo
398 477 609 519 firmiores
636 478 939 519 existimentur
965 492 1077 532 suae,
1111 478 1146 519 si
1174 492 1223 519 ea
1249 477 1423 532 praedia
1448 475 1704 530 dividentur,
1730 489 1837 529 quae

137 548 229 603 ipse
257 546 416 590 Caesar
447 549 651 603 vendidit,
684 563 790 603 quae
819 549 990 590 taudem
1018 549 1061 589 in
1088 548 1177 589 cius
1205 548 1526 590 venditionibus
1557 561 1650 589 6886
1675 545 1838 601 poterit

139 619 408 662 auctoritas?
458 620 550 675 sed,
581 619 661 662 hoc
695 620 820 674 quale
853 620 931 674 sit,
964 623 1011 661 tu
1044 634 1121 674 pro
1154 622 1231 660 tna
1268 619 1496 674 prudentia
1534 617 1837 661 considerabis.

139 704 219 746 cgo
253 694 295 732 te
327 690 453 746 plane
486 705 592 746 rogo
626 694 754 745 atque
792 691 871 745 ita,
912 693 959 732 ut
992 690 1152 732 maiore
1194 690 1356 745 studio,
1394 690 1572 732 iustiore
1611 690 1661 731 de
1700 703 1838 743 causa,

139 762 278 817 magis
317 777 367 804 ex
406 762 549 804 animo
589 775 740 816 rogare
778 761 886 803 nihil
926 761 1106 816 possim,
1151 764 1200 802 ut
1237 760 1414 802 Albinio
1452 776 1620 815 parcas,
1663 760 1839 816 praedia

139 831 380 874 Laberiana
411 847 464 874 116
498 832 699 887 attingas.
757 846 915 887 magna
946 847 1013 874 me
1047 831 1253 874 adfeceris
1285 845 1373 873 non
1399 832 1525 873 modo
1554 831 1734 886 laetitia,
1766 831 1839 872 sed

139 903 271 944 etiam
303 903 619 957 quodammodo
653 903 804 958 gloria,
837 903 871 944 si
906 902 950 944 P.
979 902 1146 945 Sestius
1179 902 1343 943 homini
1377 903 1560 944 maxime
1596 902 1838 944 necessario

139 972 246 1014 satis
273 972 424 1015 fecerit
449 989 526 1028 per
552 989 631 1029 me,
664 976 712 1015 ut
739 988 818 1029 ego
847 973 910 1015 illi
936 974 1010 1015 uni
1036 974 1271 1028 plurimum
1298 974 1449 1028 debeo,
1482 974 1593 1028 quod
1620 976 1668 1014 ut
1695 973 1840 1027 facias,

139 1046 181 1085 te
214 1043 489 1086 vehementer
522 1045 653 1087 etiam
686 1048 815 1099 atque
842 1045 973 1086 etiam
999 1059 1127 1100 rogo:
1159 1046 1298 1086 maius
1325 1045 1431 1085 mihi
1459 1045 1556 1086 darc
1584 1044 1838 1086 beneficium

139 1114 305 1156 nullum
338 1118 478 1170 potes:
511 1115 554 1158 id
586 1116 692 1157 mihi
726 1116 953 1172 intelleges
986 1131 1078 1158 esse
1111 1116 1420 1172 gratissimum.

859 1258 933 1300 ix.
985 1257 1121 1314 (113.)

660 1363 871 1407 01611110
905 1363 1250 1407 CRASSIPEDI
1286 1365 1326 1407 s.

256 1456 525 1528 Quamqiiain
559 1472 638 1514 tibi
672 1486 873 1526 praesens
906 1472 1221 1527 commendavi,
1258 1475 1307 1514 ut
1338 1473 1460 1528 potui
1495 1473 1840 1529 diligentissime,

138 1544 278 1586 socios
315 1543 549 1598 Bithyniae
592 1546 719 1597 teque
760 1558 855 1585 cum
895 1558 991 1585 mea
1029 1543 1419 1599 commendatione,
1464 1549 1557 1586 tum
1596 1544 1727 1586 etiam
1766 1547 1841 1586 tua

138 1617 292 1669 sponte
342 1614 536 1656 intellexi
588 1629 739 1669 cupere
789 1615 827 1656 61
871 1614 1071 1656 societati
1122 1614 1462 1670 quibuscumque
1513 1616 1641 1657 rebus
1691 1630 1840 1670 posses

139 1686 425 1740 commodare,
457 1688 613 1741 tamen,
647 1700 743 1728 cum
776 1686 827 1740 ei,
859 1701 1042 1742 quorum
1067 1700 1134 1727 res
1162 1686 1320 1742 agitur,
1352 1686 1502 1742 magni
1530 1700 1607 1727 sua
1633 1686 1840 1727 interesse

139 1756 454 1799 arbitrarentur
487 1771 554 1799 me
587 1757 719 1798 etiam
749 1772 826 1811 per
857 1757 1028 1799 litteras
1061 1757 1276 1798 declarare
1310 1757 1410 1812 tibi,
1451 1772 1535 1811 qua
1568 1771 1705 1798 essem
1738 1771 1841 1813 erga

139 1827 257 1882 ipsos
289 1827 531 1883 voluntate,
574 1842 662 1869 11011
701 1828 897 1869 dubitavi
934 1827 1039 1869 haec
1078 1828 1131 1869 ad
1169 1831 1212 1869 te
1251 1828 1448 1870 scribere.
1509 1828 1607 1870 volo
1647 1827 1761 1869 enim
1799 1830 1841 1869 tc

141 1897 388 1940 existimare
421 1914 506 1953 me,
539 1913 636 1940 cnm
668 1899 868 1941 universo
902 1899 1038 1940 ordini
1072 1899 1402 1954 publicanorum
1442 1913 1611 1954 semper
1647 1899 1842 1940 libentis-

139 1969 245 2011 sime
278 1969 506 2012 tribuerim
538 1970 666 2025 idque
707 1970 877 2026 magnis
917 1970 1008 2012 eius
1048 1970 1210 2012 ordinis
1249 1984 1352 2026 erga
1391 1985 1458 2012 me
1497 1969 1663 2012 meritis
1703 1969 1840 2011 facere

138 2040 377 2095 debuerim,
421 2043 515 2082 tum
553 2041 598 2082 in
634 2041 787 2096 primis
832 2042 1019 2083 amicum
1057 2056 1149 2083 esse
1189 2042 1290 2084 huic
1327 2041 1585 2096 Bithynicae
1631 2041 1841 2096 societati,

139 2125 247 2166 quae
281 2111 465 2154 societas
498 2112 663 2168 ordine,
702 2112 796 2167 ipso
834 2113 1060 2154 hominum
1099 2127 1253 2168 genere
1291 2127 1393 2167 pars
1426 2115 1493 2154 6813
1525 2112 1712 2154 maxima
1744 2112 1842 2153 civi-

139 2182 243 2224 tatis
269 2207 327 2212 —
353 2186 525 2226 constat
558 2184 671 2226 enim
710 2198 760 2225 ex
801 2184 954 2226 ceteris
993 2183 1274 2226 societatibus
1302 2209 1376 2239 ——,
1415 2186 1457 2225 613
1498 2198 1599 2225 63811
1636 2182 1841 2238 permulti

139 2255 240 2295 sunt
270 2253 316 2295 in
348 2269 397 2296 ea
429 2255 637 2297 societate
675 2254 797 2296 valde
836 2254 944 2296 mihi
981 2254 1234 2310 familiares,
1275 2255 1321 2296 in
1357 2254 1594 2310 primisque
1627 2254 1682 2308 is,
1721 2254 1840 2296 6111118

137 2324 415 2380 praecipuum
448 2325 640 2368 officium
667 2326 813 2381 agitur
839 2326 920 2368 hoc
947 2328 1154 2380 tempore,
1186 2325 1232 2367 P.
1259 2325 1458 2381 Rupilius
1484 2325 1530 2366 P.
1557 2325 1585 2366 f.
1612 2324 1737 2380 Men.,
1768 2324 1841 2379 qui

138 2397 204 2436 est
229 2395 439 2450 magister
464 2397 509 2438 in
535 2411 585 2438 ea
611 2397 828 2439 societate.
881 2411 988 2450 quae
1016 2411 1113 2438 611111
1138 2397 1201 2438 ita
1228 2397 1328 2451 sint,
1361 2397 1405 2438 in
1430 2396 1639 2438 maiorem
1665 2396 1839 2437 modum

256 2526 287 2557 3.
315 2533 403 2557 81136
431 2523 461 2557 si
487 2534 532 2558 ea
552 2524 605 2567 M,
633 2535 700 2558 sua
727 2526 784 2558 est
809 2535 854 2558 ea
877 2524 944 2567 Hl,
972 2535 1039 2559 sua
1064 2526 1120 2559 tes
1145 2535 1189 2559 ea
1209 2524 1282 2569 ΗΞ,
1311 2535 1378 2559 8113
1398 2523 1533 2559 6138163
1554 2525 1592 2559 1)
1610 2526 1621 2570 ll
1642 2528 1672 2559 4.
1699 2524 1841 2569 poterit

138 2581 218 2605 esse
244 2569 283 2604 D
301 2572 313 2614 ss
333 2574 363 2605 5.
392 2570 570 2605 actoritas
596 2571 644 2606 M
658 2573 670 2614 ΙΙ
691 2575 720 2606 7.
749 2571 899 2606 albanio
931 2574 997 2617 ΨΙΙ
1016 2575 1047 2607 8.
1074 2571 1269 2607 laberiana
1293 2583 1340 2607 ne
1367 2571 1533 2617 attingas
1560 2572 1620 2616 M,
1656 2571 1841 2607 liberiana

137 2628 182 2652 ne
203 2619 262 2662 (6.6
281 2628 353 2652 11011
373 2617 442 2662 D1)
469 2619 604 2663 tangas
625 2618 705 2653 HD
724 2620 735 2663 ΙΙ
755 2622 786 2654 9.
814 2619 1003 2663 quoddam
1022 2619 1131 2654 modo
1153 2620 1200 2654 M
1215 2620 1227 2664 ll
1247 2625 1278 2655 9.
1301 2624 1355 2655 10.
1376 2631 1410 2664 p.
1434 2619 1546 2654 sestio
1568 2620 1601 2655 h.
1623 2631 1670 2654 m.
1693 2632 1726 2654 n.
1749 2619 1840 2653 satis

137 2664 268 2700 feceris
290 2665 332 2699 H
348 2667 360 2709 ss
380 2668 434 2700 10.
455 2676 521 2710 per
539 2665 630 2708 HD,
651 2677 716 2710 pro
737 2667 785 2701 M
800 2669 811 2709 η
831 2668 872 2701 ut
892 2696 898 2701 .
916 2695 921 2701 .
940 2696 946 2702 .
968 2667 1084 2702 debeo
1099 2667 1261 2710 Ernesti,
1280 2668 1322 2701 ut
1343 2695 1349 2701 .
1367 2697 1372 2702 .
1391 2696 1396 2702 .
1419 2667 1576 2702 debeam
1595 2669 1639 2702 Ψ.
1680 2678 1763 2702 611111
1785 2696 1790 2701 .
1809 2696 1815 2701 .
1833 2696 1839 2702 .

138 2712 296 2747 debeam
323 2723 343 2749 ς
368 2714 380 2757 ΙΙ
406 2716 460 2747 12.
486 2711 742 2757 gratissimum
774 2724 854 2749 6886
881 2714 925 2748 H
945 2715 956 2758 ΙΙ
983 2718 1036 2749 14.
1065 2713 1269 2759 crassipedi
1293 2725 1338 2750 ea:
1363 2713 1479 2749 crassi
1504 2715 1571 2750 Mc
1599 2716 1610 2759 ΙΙ
1640 2717 1693 2749 16.
1722 2713 1840 2749 806108

138 2759 354 2805 Bithyniae]
375 2761 495 2795 eadem
510 2762 771 2796 constructione
787 2761 937 2797 Graeci:
956 2763 1124 2806 Ποῦλχερ
1144 2767 1334 2796 κοινωνῶν
1350 2759 1507 2806 λιμένων
1517 2760 1633 2802 Ἀσίας
1647 2759 1842 2806 οἰκονόμος

137 2807 211 2852 (‘P.
237 2808 416 2842 sociorum
444 2811 617 2851 portuum
643 2808 918 2853 (portoriorum)
944 2809 1057 2844 Asiae
1081 2809 1257 2853 villicus’)
1282 2809 1368 2844 bun.
1394 2809 1437 2844 de
1462 2819 1552 2844 corr.
1572 2809 1652 2844 11611.
1672 2808 1714 2843 X.
1738 2811 1840 2844 1886.

133 2866 170 2899 p.
192 2857 261 2888 267
280 2855 292 2898 ΙΙ
319 2857 372 2888 17.
402 2857 456 2889 18.
483 2864 610 2898 posses
637 2854 886 2902 commodare]
911 2866 1020 2900 posse
1047 2855 1304 2890 commendare
1336 2857 1376 2890 Ψ
1395 2857 1406 2900 ΙΙ
1432 2859 1487 2891 18.
1514 2855 1564 2902 ei]
1590 2855 1630 2889 hi
1659 2857 1706 2898 Ψ,
1735 2855 1763 2889 11
1789 2867 1810 2893 ς
1830 2856 1841 2901 ll

138 2905 193 2936 20.
208 2900 308 2946 ipsos
319 2901 415 2945 MD,
429 2901 514 2936 illos
526 2902 570 2936 H
579 2926 589 2944 .,
604 2905 660 2937 20.
672 2906 726 2936 21.
743 2901 840 2936 enim
852 2901 1066 2937 existimare
1078 2902 1123 2937 H
1156 2905 1211 2938 21.
1223 2906 1278 2937 22.
1296 2902 1510 2950 (multum)
1524 2913 1551 2937 s.
1564 2903 1586 2938 1.
1599 2901 1794 2937 tribuerim
1807 2914 1840 2947 ς,

139 2947 216 2984 8.1
242 2947 438 2983 tribuerim
463 2948 718 2995 <plurimum>
746 2949 906 2996 Kayser,
940 2951 1093 2985 iniuria
1138 2951 1184 2992 cf.
1217 2950 1433 2995 Nipperdey
1463 2951 1512 2985 ad
1541 2950 1624 2985 Tae.
1652 2950 1781 2985 mm.1
1809 2954 1839 2994 7,

137 2995 201 3030 Νὰ·
201 2995 381 3041 ⁸‹J·elsbaeh
383 2995 522 3031 Μαῐῖεν
548 2997 625 3031 ‘lat
654 2996 749 3031 Stil!
772 3008 810 3041 p
832 2997 954 3041 460311
979 3000 1035 3031 22.
1062 2996 1102 3031 id
1127 3007 1224 3041 quae
1248 3009 1296 3032 m.
1323 2997 1372 3031 M
1398 2999 1408 3042 ΙΙ
1440 3000 1495 3031 24.
1523 2996 1651 3031 ordine
1677 2996 1758 3042 ipso
1783 2998 1838 3042 M,

137 3043 347 3088 videtin-que
378 3044 578 3089 asyndeton
602 3044 634 3078 h.
662 3055 799 3089 quoque
825 3044 846 3079 l.
869 3055 972 3088 posse
1005 3044 1114 3088 ferri,
1151 3043 1280 3078 ordine
1311 3043 1392 3089 ipso
1419 3045 1458 3079 et
1481 3044 1571 3080 HD.
1617 3043 1745 3080 ordine
1772 3045 1838 3081 del.

139 3089 288 3124 Ernesti
317 3091 330 3135 ΙΙ
359 3101 447 3135 pars
473 3092 531 3126 est
555 3090 734 3137 maxima]
761 3102 909 3135 prorsus
943 3092 999 3126 6813
1029 3090 1193 3126 maxima
1222 3092 1277 3127 vel
1310 3091 1431 3136 prima
1463 3093 1520 3126 est
1551 3091 1643 3138 (et)
1675 3091 1840 3127 maxima

139 3136 268 3172 δοὴᾱίε
285 3137 298 3182 ΙΙ
315 3140 372 3173 27.
397 3136 437 3174 P.
457 3137 630 3183 Rupilius
650 3138 688 3174 P.
710 3139 733 3173 f
756 3138 869 3184 Men]
890 3139 934 3182 cf.
957 3139 1101 3173 Dessau
1120 3138 1220 3174 ach'.
1235 3140 1267 3173 I.
1282 3139 1327 3173 L.
1347 3138 1475 3184 XIVp
1479 3142 1569 3174 289
1589 3140 1600 3184 ΙΙ
1620 3142 1676 3174 27.
1698 3142 1753 3175 28.
1775 3139 1839 3184 qui

139 3184 197 3218 est
220 3182 401 3230 magister
424 3184 465 3219 in
490 3196 535 3220 ea
560 3185 739 3220 societate
766 3190 963 3231 [1136631116
995 3198 1038 3221 ex
1065 3189 1171 3231 parte
1197 3186 1359 3232 Kleym'o
1392 3187 1458 3222 clel.
1485 3186 1581 3222 Boot
1611 3186 1714 3232 (‘0b·⁴>'-
1740 3187 1836 3223 crit.’

1869 1840 1888 1869 [ὗ
