2242 3496
639 208 973 245 ΕΙἸὸἸῚἸΑΗΥΜ
1002 211 1060 246 111.
1092 216 1141 246 ll.
1174 215 1223 246 12.
1257 217 1306 247 13.
1747 216 1799 256 73

112 314 276 356 solatur
303 328 431 368 quam
459 315 730 367 oportunitas
758 318 982 371 temporis:
1017 319 1172 374 itaque,
1198 321 1554 374 quemadmodum
1582 323 1799 376 expediam

111 384 272 427 exitum
304 383 431 424 huius
463 384 689 427 institutae
722 387 949 437 orationis,
980 404 1064 430 non
1098 391 1282 445 reperi03
1323 406 1458 446 neque
1491 392 1603 432 enim
1635 392 1822 434 tristius

110 455 249 497 dicere
289 454 521 509 quidquam
561 455 694 496 debeo
733 471 781 497 ea
818 458 867 498 de
907 473 967 512 re,
1007 475 1134 514 quam
1174 465 1219 503 tu
1259 462 1348 516 ipse
1382 462 1597 503 ominibus
1630 463 1802 517 optimis

82 525 402 581 ‘prosequeriffi
446 539 583 579 neque
621 540 707 567 non
746 542 810 568 me
851 531 993 570 tamen
1035 532 1201 573 mordet
1240 532 1411 587 aliquid.
1468 533 1511 574 in
1551 547 1635 586 quo
1674 547 1802 574 unum

76 610 199 640 anon
230 609 397 650 vereor,
434 610 486 636 ne
525 599 572 637 tu
611 611 761 650 parum
795 600 1028 653 perspicias
1062 616 1128 655 ea,
1169 617 1274 656 quae
1313 607 1437 657 gesta
1475 603 1579 656 sint,
1618 603 1671 644 ab
1710 603 1804 644 aliis

111 681 204 710 esse
236 668 372 722 gesta,
404 666 560 720 quibus
593 680 673 721 ego
708 667 767 708 ita
801 669 1066 724 mandaram,
1099 675 1165 725 ut,
1198 688 1293 713 cum
1327 677 1415 714 tam
1448 673 1574 728 longe
1608 674 1805 715 afuturus

111 751 263 790 essem,
295 736 347 778 ad
379 750 445 778 me
471 751 524 777 ne
552 736 773 791 referrent,
805 743 994 793 agerent,
1027 741 1138 794 quod
1170 743 1435 796 probassent.
1487 744 1529 784 in
1556 744 1635 785 hoc
1663 747 1805 786 autem
1833 758 1852 785 3

112 807 219 849 mihi
250 806 357 848 illud
389 807 600 849 occurrit:
635 806 752 862 ‘quid
784 811 830 849 tu
864 809 1016 864 igitur,
1047 811 1082 851 si
1117 811 1371 854 adfuisses?
1424 828 1511 855 rem
1546 815 1807 868 probassem,

112 878 164 920 de
194 879 407 932 tempore,
444 877 552 918 nihil
584 880 626 918 te
659 878 813 932 invito,
851 879 958 920 nihil
997 881 1087 922 sine
1126 883 1304 924 consilio
1337 885 1520 939 egissem
1554 887 1640 926 tuo.
1690 885 1806 926 vides

0 955 3 958 ’
61 966 95 992 ιο
112 948 265 991 sudare
303 963 371 990 me
410 947 657 989 iamdudum
696 948 983 1004 laborantem,
1029 953 1240 1005 quomodo
1280 968 1328 994 ea
1367 957 1506 1007 tuear,
1551 970 1656 1009 quae
1703 955 1804 996 mihi

113 1018 274 1061 tuenda
304 1021 422 1073 sunt,
464 1021 507 1060 et
539 1021 580 1060 te
613 1033 699 1060 non
733 1020 961 1061 offendam:
1000 1022 1093 1063 leva
1126 1038 1191 1064 me
1230 1024 1363 1079 igitur
1394 1025 1475 1066 hoc
1509 1039 1652 1079 onere;
1691 1040 1807 1066 num-

115 1103 245 1145 quam
276 1089 391 1131 enim
430 1089 538 1130 mihi
576 1089 723 1131 videor
754 1092 965 1133 tractasse
999 1107 1170 1136 causam
1212 1093 1507 1136 difficiliorem.
1558 1096 1619 1137 sic
1650 1096 1807 1137 habeto

113 1152 277 1203 tamen:
319 1160 404 1202 nisi
442 1160 529 1200 iam
572 1162 674 1202 tuno
719 1161 864 1202 omnia
907 1163 1083 1218 negotia
1127 1179 1224 1206 cum
1270 1179 1434 1206 summa
1480 1169 1553 1206 tua
1597 1166 1808 1221 dignitate

115 1231 447 1287 diligentissime
486 1230 784 1285 confecissem,
827 1234 1002 1275 tametsi
1043 1234 1150 1275 nihil
1190 1236 1414 1278 videbatur
1446 1237 1496 1278 ad
1530 1239 1669 1278 meum
1709 1251 1809 1292 erga

64 1318 96 1344 ιε
115 1305 158 1344 te
183 1302 418 1358 pristinum
443 1302 636 1343 studium
662 1302 758 1344 addi
784 1318 924 1359 posse,
957 1308 1101 1346 tamen
1126 1305 1205 1347 hac
1233 1306 1338 1347 mihi
1369 1306 1587 1347 adfinitate
1614 1307 1810 1348 nuntiata

113 1388 201 1416 non
226 1373 388 1416 maiore
415 1374 613 1428 equidem
640 1374 796 1429 studio,
831 1375 904 1416 sed
931 1376 1082 1430 acrius,
1109 1377 1310 1431 apertius,
1338 1377 1649 1432 significantius
1677 1378 1810 1433 digni-

115 1448 253 1487 tatem
292 1447 413 1486 tuam
461 1444 757 1487 defendissem.
825 1445 1044 1488 decedenti
1087 1447 1192 1488 mihi
1236 1450 1279 1488 et
1321 1447 1404 1488 iam
1450 1447 1626 1503 imperio
1669 1462 1808 1489 annuo
1837 1459 1856 1489 4

115 1516 348 1558 terminato
387 1518 487 1557 ante
519 1516 557 1556 d.
590 1527 642 1557 111
676 1514 825 1557 Nonas
859 1515 994 1572 Sext„
1031 1531 1127 1558 cum
1166 1518 1218 1559 ad
1252 1516 1396 1558 Sidam
1433 1517 1531 1558 navi
1571 1518 1810 1560 accederem

116 1589 160 1629 et
199 1600 369 1629 mecum
400 1585 450 1635 Q.
478 1584 687 1627 Servilius
732 1589 863 1640 esset,
907 1587 1078 1628 litterae
1122 1602 1146 1628 a
1186 1588 1291 1628 meis
1332 1590 1431 1628 sunt
1477 1588 1683 1629 redditae:
1727 1589 1811 1629 dixi

65 1673 100 1698 20
119 1657 272 1700 statim
303 1655 486 1699 Servilio
513 1681 568 1687 —
596 1657 756 1699 etenim
787 1657 1014 1699 videbatur
1046 1672 1138 1699 esse
1172 1661 1411 1700 commotus
1440 1683 1505 1712 —,
1539 1662 1586 1699 ut
1617 1658 1758 1699 omnia
1791 1674 1815 1699 a

115 1744 184 1771 me
222 1728 388 1770 maiora
425 1730 689 1783 expectaret3
732 1728 833 1782 quid
874 1728 1039 1770 multa?
1078 1728 1401 1771 benevolentior
1439 1729 1539 1783 tibi,
1578 1744 1702 1782 quam
1743 1729 1816 1782 fui,

116 1799 208 1843 nilo
241 1814 337 1841 sum
366 1799 528 1854 factus,
570 1799 820 1855 diligentior
859 1800 910 1841 ad
952 1799 1250 1841 declarandam
1283 1798 1624 1840 benevolentiam
1664 1799 1817 1853 multo3

116 1885 237 1925 nam,
273 1872 323 1911 ut
358 1871 483 1911 vetus
521 1871 673 1911 nostra
711 1869 911 1911 simultas
951 1872 1076 1911 antea
1115 1869 1370 1911 stimulabat
1408 1884 1492 1924 me,
1530 1872 1578 1910 ut
1616 1883 1818 1923 caverem,

117 1956 170 1983 ne
210 1940 278 1983 cui
316 1940 607 1995 suspicionem
638 1940 736 1982 ficte
770 1941 1071 1982 reconciliatae
1112 1941 1277 1996 gratiae
1317 1941 1481 1994 darem,
1521 1940 1580 1981 sic
1619 1940 1817 1980 adfinitas

66 2025 100 2052 25
119 2026 232 2055 nova
263 2026 409 2054 curam
447 2011 555 2053 mihi
593 2011 732 2053 adfert
774 2011 970 2065 cavendi,
1010 2026 1063 2053 ne
1097 2011 1198 2065 quid
1231 2011 1280 2052 de
1313 2025 1480 2052 summo
1514 2024 1608 2051 meo
1642 2024 1744 2064 erga
1777 2013 1816 2050 te

120 2097 264 2125 amore
296 2083 538 2125 detractum
570 2096 662 2124 esse
694 2082 902 2123 videatur.

825 2223 941 2264 xm.
992 2221 1128 2278 4141.)

571 2317 783 2361 CICERO
817 2315 989 2358 APPIO
1021 2315 1296 2358 PVLCHRO
1332 2314 1373 2356 S.

241 2411 375 2462 Quasi
407 2413 645 2455 divinarem
672 2413 749 2454 tali
782 2413 826 2454 in
859 2412 1001 2453 officio
1027 2411 1118 2452 fore
1146 2409 1249 2451 mihi
1277 2409 1504 2462 aliquando
1532 2408 1816 2461 expetendum
1849 2420 1860 2448 1

71 2503 106 2529 ao
125 2483 315 2527 studium
346 2487 482 2539 tuum,
513 2484 587 2539 sic,
619 2499 716 2526 cum
748 2484 797 2524 de
831 2483 917 2524 tuis
949 2482 1075 2524 rebus
1108 2480 1242 2536 gestis
1276 2479 1500 2534 agebatur,
1534 2478 1817 2518 inserviebam

122 2555 277 2597 honori
315 2557 411 2610 tuo3
453 2555 592 2597 dicam
630 2557 775 2596 tamen
812 2568 927 2595 vere:
974 2552 1088 2607 plus,
1130 2566 1257 2605 quam
1296 2563 1539 2603 acceperas,
1583 2547 1819 2600 reddidisti3

124 2625 221 2681 quis
259 2624 374 2668 enim
418 2626 469 2668 ad
515 2640 582 2667 me
627 2640 713 2666 non
756 2623 1008 2678 perscripsit
1047 2625 1087 2663 te
1126 2635 1213 2662 non
1251 2619 1387 2661 solum
1432 2617 1687 2659 auctoritate
1727 2632 1818 2657 ora-

126 2695 274 2751 tionis,
314 2698 530 2739 sententia
569 2699 662 2751 tua,
700 2694 854 2749 quibus
893 2707 974 2748 ego
1007 2708 1028 2733 a
1064 2691 1138 2733 tali
1172 2691 1263 2731 viro
1304 2691 1530 2730 contentus
1573 2702 1706 2738 eram,
1747 2686 1819 2727 sed

244 2827 274 2858 3.
297 2823 499 2869 ominibus]
522 2822 692 2857 omnibus
706 2823 740 2856 Ω
758 2823 770 2865 11
790 2825 819 2855 5.
842 2832 914 2854 non
934 2832 999 2854 om.
1016 2819 1049 2853 R
1069 2820 1080 2861 ΙΙ
1099 2828 1193 2861 quac
1210 2817 1256 2859 R,
1276 2827 1341 2850 nm.
1360 2815 1435 2849 MG
1456 2817 1467 2858 ΙΙ
1487 2818 1516 2848 5.
1531 2817 1560 2847 6.
1577 2814 1820 2855 sint-gesta

125 2882 192 2907 om.
213 2871 265 2907 R'
285 2873 298 2915 ΙΙ
317 2874 347 2906 5.
365 2870 454 2916 sint]
476 2872 562 2905 sunt
582 2881 602 2907 ς
621 2871 632 2913 ΙΙ
653 2873 682 2903 8.
706 2868 798 2902 illud
819 2867 909 2902 mihi
931 2868 962 2901 G
983 2868 994 2909 Η
1017 2870 1066 2899 10.
1090 2864 1238 2907 sudare}
1261 2862 1415 2896 suadere
1438 2862 1526 2903 MR,
1548 2860 1703 2893 sundal-e
1724 2872 1797 2894 221:-
1815 2881 1817 2883 -

126 2919 165 2952 to
192 2917 245 2954 G¹
276 2919 288 2963 ΙΙ
321 2921 374 2952 11.
401 2920 440 2953 et
470 2919 522 2963 te]
556 2919 597 2951 ut
629 2918 665 2950 te
692 2927 712 2952 ς
738 2919 770 2950 et
797 2915 831 2949 C.
856 2914 902 2948 F.
926 2914 980 2947 W.
1005 2912 1143 2946 Manet·
1173 2911 1298 2953 (ἰόιιί,
1330 2910 1411 2943 Tull
1428 2910 1436 2922 ’
1471 2920 1592 2952 prowm
1619 2907 1819 2951 Reyae'mmael.

129 2968 220 3000 1860
239 2977 278 3010 p.
301 2966 359 3009 19)
383 2966 395 3009 ΙΙ
418 2965 507 3000 leua
531 2975 589 2998 me
616 2964 661 3006 R,
689 2962 810 2996 lenam
840 2962 890 3003 M,
918 2960 1002 2993 lena
1029 2960 1060 2993 G
1087 2960 1098 3001 ΙΙ
1127 2962 1177 2991 11.
1201 2961 1254 2991 12.
1282 2968 1365 3007 nain
1393 2966 1501 2998 qnam
1532 2955 1573 2987 ῚΙ
1597 2955 1608 3005 [l
1626 2957 1686 3004 ⁴1'1'.
1716 2952 1817 2987 dcce-

128 3011 242 3047 dendi
266 3012 314 3047 M
341 3013 353 3056 ΙΙ
383 3013 422 3046 et
446 3012 522 3046 iam
548 3012 608 3055 M,
641 3009 753 3045 etiam
781 3009 852 3043 GR
883 3010 894 3050 ll
931 3011 979 3040 1⁸.
1009 3005 1041 3039 d.
1069 3017 1135 3039 om.
1164 3004 1235 3038 GR
1267 3006 1277 3045 ΙΙ
1309 3002 1425 3035 siclam
1457 3002 1511 3042 Μ,
1539 3000 1695 3033 sla-iliani
1725 3000 1796 3033 (r'R

128 3062 183 3093 20.
211 3060 418 3093 commutus
444 3059 518 3103 ΜΙΙ
538 3062 592 3093 21.
620 3057 832 3102 expectaret
857 3066 888 3096 ς,
916 3055 1013 3087 -rent
1037 3053 1071 3085 Ω
1089 3053 1101 3094 ΙΙ
1129 3055 1183 3085 23.
1212 3049 1408 3083 simulabat
1440 3048 1482 3099 J(
1506 3050 1517 3089 Η
1544 3051 1596 3080 25,
1626 3058 1722 3080 nona
1750 3046 1820 3087 Μ’,

128 3116 265 3140 nouam
290 3106 449 3150 McGR,
475 3116 573 3141 nova
597 3115 694 3139 nunc
721 3103 863 3147 Kayser
881 3103 892 3145 Η
919 3104 971 3135 28.
1003 3099 1267 3143 inscriptionem
1296 3109 1360 3131 om.
1390 3095 1423 3129 112
1443 3097 1454 3138 ΙΙ
1474 3105 1569 3128 icero
1597 3094 1643 3128 M
1657 3095 1669 3137 u
1689 3097 1741 3127 32.
1764 3097 1820 3126 33.

129 3151 296 3189 oratione
321 3153 391 3188 alii
