2242 3542
702 241 1041 276 EPlSTVLARVM
1068 240 1093 276 Ι.
1122 245 1153 276 1.
1179 242 1211 275 2.
1776 237 1803 278 3

848 385 901 427 H.
946 383 1053 440 (124.)

371 481 455 534 (Μ.
489 480 699 523 clcnno
734 479 775 522 s.
808 480 857 521 D.
892 480 935 521 Ρ.
969 478 1243 520 LENTVLO
1278 475 1538 530 moces>

223 575 369 617 Idibus
396 575 608 617 Ianuariis
642 576 684 616 in
718 577 869 616 senatu
902 573 1009 614 nihil
1043 576 1109 613 est
1136 573 1397 620 confectum,
1430 572 1659 625 propterea
1691 570 1801 624 quod
1832 583 1841 611 1

105 646 194 688 dies
234 661 391 702 magna
422 661 471 688 ex
510 650 632 701 parte
671 647 950 698 consumptus
988 646 1054 684 est
1092 642 1372 684 altercatione
1406 640 1579 682 Lentuli
1617 641 1806 681 consulis

69 720 149 760 set
181 714 349 758 Caninii
390 721 440 758 tr.
482 718 538 771 pl.
600 731 648 758 eo
688 716 754 756 die
792 730 870 757 nos
910 728 1077 769 quoque
1118 713 1254 753 multa
1292 713 1421 754 verba
1459 711 1636 753 fecimus
1675 711 1807 752 maxi·

107 802 257 842 meque
296 788 377 829 visi
419 802 566 829 sumus
606 785 803 828 senatum
845 784 1251 826 commemoratione
1291 786 1389 823 tuae
1432 782 1667 823 voluntatis
1706 795 1809 835 erga

105 857 227 899 illum
260 858 452 899 ordinem
485 871 745 912 permovere.
801 856 946 910 itaque
979 854 1187 908 postridie
1220 853 1383 907 placuit
1416 855 1464 893 ut
1495 853 1684 893 breviter
1717 867 1808 893 sen-

106 929 266 970 tentias
304 929 560 982 diceremus3
599 928 824 968 videbatur
856 926 970 967 enim
1009 924 1287 966 reconciliata
1319 923 1443 964 nobis
1484 923 1684 964 voluntas
1717 937 1809 964 esse

106 1001 297 1050 senatus,
336 998 449 1053 quod
480 1013 587 1040 rcum
625 997 821 1051 dicendo3
868 999 960 1037 tum
998 994 1180 1050 singulis
1221 993 1487 1048 appellandis
1521 993 1808 1048 rogandisque

54 1086 90 1110 10
108 1083 425 1124 perspexeram3
458 1069 623 1123 itaque,
655 1083 751 1110 cum
783 1067 998 1109 sententia
1028 1066 1169 1120 prima
1200 1063 1347 1105 Bibuli
1372 1064 1653 1118 pronuntiata
1685 1066 1810 1116 esset,

108 1143 157 1180 ut
183 1142 271 1181 tres
304 1139 439 1195 legati
469 1153 614 1195 regem
641 1139 903 1187 reducerent,
936 1136 1121 1178 secunda
1146 1134 1383 1188 Hortensii,
1414 1137 1462 1175 ut
1493 1137 1540 1175 tu
1572 1134 1662 1175 sine
1696 1149 1811 1175 exer-

109 1210 198 1252 citu
230 1209 473 1265 reduceres,
510 1211 641 1251 tertia
671 1208 884 1262 Volcacii,
920 1211 967 1249 ut
999 1205 1231 1261 Pompeius
1264 1205 1505 1259 reduceret,
1542 1205 1810 1258 postulatum

109 1283 193 1335 est,
229 1283 279 1322 ut
309 1280 456 1323 Bibuli
490 1281 705 1322 sententia
742 1279 1019 1320 divideretur:
1059 1279 1268 1332 quatenus
1302 1276 1351 1316 de
1390 1275 1598 1330 religione
1630 1274 1811 1326 dicebat,

109 1351 178 1393 cui
216 1351 388 1406 quidem
420 1351 482 1393 rei
519 1351 605 1393 iam
645 1350 798 1392 obsisti
829 1363 916 1390 non
947 1351 1140 1402 poterat,
1177 1347 1335 1388 Bibulo
1374 1346 1602 1387 adsensum
1641 1349 1724 1400 est3
1761 1345 1812 1387 de

55 1438 89 1465 ιε
108 1422 249 1464 tribus
281 1423 440 1478 legatis
478 1422 726 1476 frequentes
759 1420 902 1461 ierunt
933 1419 979 1460 in
1011 1418 1095 1460 alia
1133 1417 1288 1459 omnia.
1351 1416 1547 1471 proxima
1579 1419 1672 1457 erat
1704 1415 1812 1458 Hor·
1833 1428 1852 1457 2

108 1493 237 1534 tensii
276 1493 508 1546 sententia,
546 1507 642 1534 cum
681 1490 846 1545 Lupus,
885 1493 937 1531 tr.
975 1489 1052 1543 pl.,
1090 1487 1205 1542 quod
1241 1488 1332 1542 ipse
1371 1487 1420 1528 de
1454 1486 1660 1542 Pompeio
1699 1489 1811 1527 retu-

109 1563 250 1616 lisset,
289 1562 506 1603 intendere
540 1562 682 1617 coepit
720 1564 819 1602 ante
853 1575 897 1602 se
931 1561 1128 1613 oportere
1168 1558 1474 1599 discessionem
1506 1557 1645 1599 facere
1678 1572 1807 1611 quam

110 1633 324 1674 consules:
357 1632 447 1674 eius
474 1632 660 1674 orationi
687 1632 958 1673 vehementer
984 1629 1037 1670 ab
1065 1628 1264 1670 omnibus
1291 1628 1573 1669 reclamatum
1600 1631 1685 1682 est,
1717 1631 1812 1669 erat

111 1702 224 1744 enim
256 1705 300 1744 et
337 1703 484 1757 iniqua
522 1706 565 1745 et
602 1717 731 1757 nova,
772 1701 968 1743 consules
1006 1713 1143 1754 neque
1183 1698 1474 1740 concedebant
1511 1713 1647 1753 neque
1687 1698 1808 1739 valde

57 1791 92 1816 20
111 1773 421 1828 repugnabant,
454 1773 566 1814 diem
593 1772 788 1814 consumi
814 1771 1019 1813 volebant
1048 1793 1096 1798 —
1126 1769 1169 1810 id
1195 1769 1309 1823 quod
1336 1772 1402 1810 est
1427 1768 1592 1810 factum
1620 1793 1686 1822 —,
1718 1783 1810 1823 per-

40 1876 50 1886 .
111 1842 352 1897 spiciebant
375 1843 489 1885 enim
512 1843 556 1884 in
576 1842 801 1885 Hortensii
824 1841 1084 1884 sententiam
1108 1840 1256 1881 multis
1280 1839 1478 1894 partibus
1503 1839 1647 1894 plures
1670 1839 1808 1880 ituros

111 1927 372 1967 quamquam
404 1917 551 1969 aperte
583 1913 790 1956 Volcacio
829 1912 1166 1965 adsentirentur,
1204 1910 1332 1951 multi
1364 1911 1646 1965 rogabantur,
1685 1913 1814 1964 atque

109 1984 153 2026 id
183 1984 326 2039 ipsum
366 1985 613 2027 consulibus
647 1985 815 2039 invitis,
852 1998 953 2025 nam
985 1983 1024 2024 ei
1055 1981 1204 2024 Bibuli
1237 1981 1496 2022 sententiam
1528 1981 1669 2022 valere
1703 1981 1816 2035 cupi-

110 2059 244 2098 erant.
305 2056 387 2097 hac
426 2055 720 2098 controversia
751 2069 887 2110 usque
925 2054 977 2095 ad
1014 2055 1189 2094 noctem
1228 2052 1356 2092 ducta
1395 2054 1570 2092 senatus
1609 2051 1811 2093 dimissus
1836 2063 1856 2093 3

57 2143 91 2169 25
113 2129 192 2168 est.
248 2141 329 2182 ego
362 2140 411 2169 eo
445 2126 512 2168 die
539 2141 641 2169 casu
674 2126 786 2181 apud
811 2123 1066 2179 Pompeium
1093 2122 1241 2165 cenavi
1266 2125 1505 2176 nactusque
1532 2125 1702 2177 tempus
1735 2122 1816 2163 hoc

111 2197 251 2253 magis
280 2196 482 2239 idoneum
515 2211 643 2251 quam
669 2210 874 2251 umquam
906 2197 1050 2248 antea,
1084 2193 1197 2248 quod
1227 2195 1330 2247 post
1361 2195 1483 2234 tuum
1510 2193 1747 2234 discessum
1779 2193 1815 2233 is

229 2340 261 2371 2.
277 2338 547 2382 inscriptionem
562 2348 628 2372 om.
643 2338 677 2371 ,Ω
697 2338 709 2381 ΙΙ
728 2335 896 2370 3.Idibus
909 2333 1167 2368 —confectum
1181 2334 1222 2367 in
1236 2332 1284 2366 M
1297 2333 1486 2367 rubricata
1504 2334 1516 2376 ΙΙ
1535 2336 1566 2367 3.
1582 2343 1635 2376 sq.
1645 2333 1691 2375 cf.
1705 2332 1814 2367 Gold-

112 2384 241 2420 bacher
279 2384 447 2419 ‘Wiener
472 2384 638 2419 Studien'
667 2384 699 2417 Il
726 2396 765 2428 p.
787 2386 855 2418 300
886 2394 935 2427 sq.
968 2385 1001 2416 et
1039 2380 1234 2424 Holzapfel
1271 2380 1409 2414 Philol.
1442 2379 1556 2413 XLVI
1584 2391 1621 2424 p.
1644 2382 1712 2412 644
1738 2392 1788 2423 sq.
1814 2410 1815 2413 ,

113 2435 197 2466 ante
221 2430 348 2465 Idibus
374 2433 539 2466 inserunt
567 2431 600 2466 G
625 2430 766 2473 Pridie,
799 2430 834 2464 R
860 2428 899 2462 in
917 2433 929 2472 η
948 2432 980 2463 4.
1008 2426 1252 2462 altercatione
1288 2438 1332 2461 ea:
1359 2426 1587 2460 artecatione
1615 2437 1704 2461 corr.
1733 2427 1777 2459 M
1785 2426 1817 2471 ¹„

115 2480 146 2512 5.
173 2477 299 2512 canini
327 2477 398 2513 GR
417 2479 428 2522 ΙΙ
452 2479 497 2513 tr.
523 2476 592 2523 pL]
617 2476 772 2512 tirannii
803 2475 931 2522 publio
963 2474 1104 2509 lentulo
1132 2474 1191 2517 M,
1223 2472 1363 2507 tiranni
1394 2472 1523 2517 publio
1551 2473 1588 2516 (b
1609 2484 1652 2507 m.
1678 2477 1692 2505 1
1715 2484 1759 2506 ea:
1778 2476 1816 2517 p)

114 2523 247 2558 lentuli
273 2525 318 2567 G,
349 2524 500 2568 tyranni
524 2524 644 2570 publii
670 2523 881 2559 conlentulo
907 2523 943 2557 R
962 2526 973 2565 ΙΙ
994 2526 1024 2556 7.
1050 2531 1264 2566 permovere
1291 2521 1511 2563 Lambinus,
1541 2530 1732 2553 remouere
1760 2521 1794 2552 Ω,

118 2574 149 2605 7.
171 2574 202 2605 8.
230 2570 452 2605 sententiam
484 2572 694 2617 Wesenberg
713 2574 725 2616 ΙΙ
745 2575 775 2606 9.
803 2570 897 2616 <in>
925 2568 1082 2603 dicendo
1110 2568 1264 2613 Maclviy
1300 2568 1410 2611 ((αάυ.
1438 2568 1532 2602 erit)
1561 2567 1594 2600 Π
1617 2579 1654 2611 p.
1675 2568 1758 2610 233)
1785 2571 1817 2600 et

116 2617 298 2663 Pluyyers
323 2618 512 2661 (Mnemos.
539 2618 564 2653 I.
593 2623 693 2654 1873.
716 2630 756 2663 12.
777 2622 836 2661 61)
862 2621 874 2660 n
900 2620 954 2651 10.
987 2614 1217 2660 perfeceram
1243 2615 1358 2649 Klotz
1382 2618 1394 2657 ΙΙ
1422 2619 1474 2649 11.
1509 2613 1710 2648 secundum
1746 2613 1818 2655 Μ’,

116 2675 207 2699 corr.
235 2664 299 2698 Mc
318 2666 330 2708 ΙΙ
350 2668 405 2699 12.
432 2664 588 2699 uolcatii
613 2666 648 2700 R
667 2668 679 2711 ΙΙ
699 2669 754 2699 13.
782 2663 903 2699 sentia
929 2663 972 2697 M
980 2663 1006 2706 ¹,
1039 2673 1129 2697 corr.
1158 2661 1223 2694 Μο
1241 2663 1252 2705 ΙΙ
1274 2664 1327 2696 14.
1355 2660 1414 2696 cui
1448 2660 1598 2705 quidem
1628 2660 1682 2694 rei
1708 2661 1817 2694 Lam-

116 2712 240 2754 binus,
272 2710 404 2755 cuique
430 2710 484 2746 rei
510 2712 553 2746 52.
594 2712 652 2746 cui
684 2712 737 2746 rei
763 2713 832 2746 alii
856 2714 868 2755 u
901 2714 954 2745 15.
982 2709 1195 2752 frequenter
1227 2708 1369 2742 sierunt
1394 2708 1456 2752 M,
1488 2709 1699 2751 frequenter
1730 2718 1817 2750 que-

116 2757 258 2793 sierunt
285 2759 356 2793 GR
374 2762 386 2799 ΙΙ
408 2761 460 2793 16.
482 2760 525 2792 tr.
547 2757 616 2804 pL]
642 2757 811 2793 tirannus
836 2756 964 2802 publio
991 2755 1133 2790 lentulo
1160 2757 1196 2799 <o
1216 2756 1257 2789 in
1278 2766 1350 2790 ras.
1377 2767 1420 2790 ex
1441 2766 1483 2789 us
1505 2755 1549 2788 M
1555 2757 1583 2799 0“)
1610 2755 1662 2797 M,
1690 2753 1818 2788 tiram-

115 2816 185 2839 nus
216 2807 298 2850 (sie)
323 2804 452 2850 publio
477 2804 640 2839 lentulus
669 2806 714 2848 G,
739 2807 919 2850 tyrannus
944 2802 1072 2848 publio
1100 2802 1135 2836 R
1154 2803 1165 2844 l}
1188 2805 1239 2836 17.
1267 2801 1368 2846 cepit
1394 2802 1465 2837 GR
1484 2804 1496 2846 11
1517 2806 1570 2836 18.
1598 2800 1733 2835 rationi
1758 2802 1794 2836 R
1818 2804 1819 2836 l

118 2856 172 2887 19.
199 2862 319 2896 neque
338 2851 449 2886 valde
466 2873 505 2876 —
523 2856 578 2886 20.
598 2851 777 2886 volebant
795 2863 861 2886 om.
883 2851 918 2885 R
936 2852 948 2894 ΙΙ
968 2853 1023 2884 20.
1044 2848 1212 2883 consumi
1231 2849 1277 2882 M
1282 2854 1308 2892 0,
1328 2848 1533 2883 consummi
1553 2849 1598 2883 M
1604 2849 1610 2869 ¹
1631 2850 1642 2892 n
1662 2847 1699 2881 id
1720 2848 1819 2892 quod

120 2901 178 2934 est
200 2898 360 2945 factum]
385 2898 425 2933 id
445 2900 502 2933 est
521 2899 619 2942 quod
640 2899 779 2933 factum
800 2898 853 2941 M,
878 2897 1051 2940 idemque
1076 2895 1133 2929 est
1151 2895 1292 2930 factum
1315 2896 1358 2940 G,
1385 2895 1496 2940 idque
1523 2897 1579 2929 est
1598 2895 1738 2929 factum
1758 2895 1820 2941 11².st

116 2945 495 2992 21.[sentententiam
522 2946 583 2989 M,
617 2945 802 2980 sententia
830 2946 863 2979 G
882 2946 892 2987 ΙΙ
912 2947 967 2978 22.
995 2942 1238 2988 quamquam]
1271 2953 1383 2986 quam
1415 2943 1478 2986 qui
1504 2942 1716 2987 Holzapfel,
1745 2953 1819 2976 non

113 2997 206 3038 puto
230 2997 320 3028 recte
338 2995 349 3038 ΙΙ
368 2998 451 3028 ante
477 2992 644 3028 uolcacio
671 3004 749 3037 exp.
777 2991 836 3026 M¹
861 2990 900 3024 ui
931 2991 987 3035 (in
1009 2992 1080 3033 fine
1101 2990 1204 3035 pay.)
1223 2993 1234 3033 n
1255 2993 1308 3024 23.
1336 2989 1476 3024 inuitus
1503 2989 1548 3023 M
1555 2989 1579 3032 ¹,
1612 3000 1700 3024 corr.
1731 2989 1818 3034 Mel

117 3044 174 3076 23.
194 3043 250 3075 24.
278 3039 472 3084 cupierant
507 3040 662 3085 Madviy
693 3041 730 3084 (l.
757 3040 806 3083 d.)
838 3042 870 3072 et
902 3037 1129 3081 Wesenberq,
1169 3036 1364 3081 cupierunt
1396 3037 1494 3080 MR,
1532 3035 1736 3080 cupiebant
1764 3037 1820 3081 G1

118 3090 174 3122 24.
200 3081 271 3121 hac
291 3098 323 3131 ς,
349 3087 442 3121 haec
468 3087 522 3130 M,
548 3087 616 3122 hec
645 3087 715 3121 GR
735 3089 746 3132 n
766 3089 820 3120 25.
848 3085 905 3119 est
930 3085 1077 3126 Baiter,
1108 3084 1146 3117 et
1171 3086 1205 3117 Ω
1224 3086 1235 3127 ΙΙ
1255 3094 1298 3118 eo
1325 3083 1384 3117 die
1412 3084 1487 3127 MC,
1514 3082 1597 3117 odie
1623 3083 1682 3116 M¹
1703 3085 1714 3128 fl
1732 3094 1819 3117 nac-

118 3134 356 3216 {qflqpfflMffi
383 3135 562 3178 actusque
589 3134 646 3169 M¹
667 3137 679 3179 ss
698 3134 784 3180 hoc]
811 3131 871 3166 hic
897 3131 1092 3176 Holzapfel
1111 3131 1123 3174 ΙΙ
1143 3134 1198 3166 26,
1225 3132 1332 3165 tuum
1357 3130 1433 3175 Mc,
1460 3142 1548 3164 uum
1574 3130 1633 3164 M¹
1653 3132 1665 3174 ΙΙ
1684 3130 1715 3164 is
1742 3130 1818 3174 Mc,

145 3191 178 3215 is

1488 3235 1534 3270 1*
