2242 3496
617 211 954 247 1‹:1‘1s'rv1..=xitv1i1
983 210 1076 245 xiii.
1104 214 1157 244 «m.
1186 213 1240 243 64.
1270 213 1324 244 65.
1352 189 1405 243 ηιξ.
1747 206 1829 248 377

136 322 320 379 geniosi‚
362 322 621 376 apstinentis
655 319 1070 363 commendationem
1109 321 1236 373 atque
1275 317 1478 373 gloriam3
1523 330 1671 370 quare,
1717 315 1752 356 si
1792 318 1832 356 te

135 395 303 436 fautore
336 408 438 434 usus
471 393 564 447 erit,
597 393 723 434 sicuti
758 391 951 446 profecto
985 394 1028 431 ct
1060 393 1206 431 utetur
1237 392 1280 430 et
1306 403 1408 430 usus
1435 389 1511 440 est,
1544 385 1833 441 amplissimas

137 464 358 508 clientelas
392 466 590 518 acceptas
624 479 648 504 a
681 462 915 504 maioribus
950 462 1202 503 confirmare
1234 459 1395 515 poterit
1426 461 1469 500 et
1494 457 1714 499 beneficiis
1746 455 1834 497 suis

137 535 341 590 obligare.
398 535 479 575 hoc
514 535 555 575 in
589 549 743 587 genere
777 532 813 574 si
846 547 943 574 eum
976 531 1188 573 adiuveris
1217 546 1265 572 eo
1294 528 1449 584 studio,
1482 544 1566 584 quo
1594 527 1834 580 ostendisti,

101 606 248 661 sapud
287 606 429 660 ipsum
467 604 807 660 praeclarissime
854 603 1066 659 posueris,
1111 602 1182 644 sed
1224 601 1329 643 mihi
1368 601 1498 643 etiam
1538 598 1835 657 gratissimum

136 676 298 718 feceris.

831 745 960 787 LXV.
1006 743 1142 800 (111.)

513 854 568 896 Μ.
597 851 810 896 CICERO
846 850 886 893 S.
919 850 969 893 D.
1002 849 1048 892 P.
1083 849 1232 892 SILIO
1264 849 1470 892 PROPR.

260 961 368 1004 Cum
395 960 438 1002 P.
464 959 664 1002 Terentio
691 958 898 1012 Hispone,
932 957 1004 1011 qui
1032 971 1183 1011 operas
1210 956 1254 998 in
1282 956 1496 1010 scriptura
1522 970 1599 1010 pro
1627 955 1836 1011 magistro
1867 961 1882 991 1

90 1046 123 1071 ιο
142 1034 228 1087 dat,
253 1032 361 1074 mihi
387 1045 556 1074 summa
581 1029 857 1072 familiaritas
886 1028 1234 1082 consuetudoque
1263 1030 1339 1080 est,
1366 1012 1586 1081 m'ultaque
1613 1029 1656 1068 et
1682 1040 1840 1081 magna

139 1105 253 1146 inter
276 1117 355 1145 nos
383 1102 526 1144 officia
551 1101 673 1156 paria
698 1105 741 1142 et
767 1101 918 1140 mutua
943 1099 1230 1140 intercedunt:
1265 1099 1355 1140 eius
1384 1112 1551 1139 summa
1577 1096 1840 1139 existimatio

141 1175 287 1231 agitur
318 1174 363 1215 in
394 1188 461 1228 eo,
502 1175 552 1214 ut
583 1171 804 1227 pactiones
845 1185 941 1212 cum
982 1170 1233 1212 civitatibus
1272 1169 1450 1224 reliquis
1489 1167 1699 1210 conficiat.
1754 1182 1841 1209 non

142 1260 209 1288 me
240 1244 448 1300 praeterit
477 1258 557 1285 nos
590 1257 685 1284 eam
717 1257 808 1283 rem
840 1241 1004 1296 Ephesi
1036 1243 1236 1296 expertos
1269 1255 1360 1282 esse
1392 1254 1529 1294 neque
1557 1239 1610 1280 ab
1636 1238 1840 1293 Ephesiis

141 1316 230 1358 ullo
263 1315 390 1357 modo
423 1314 656 1369 impetrare
688 1312 900 1367 potuisse3
933 1313 1018 1365 sed,
1051 1312 1267 1366 quoniam,
1300 1310 1660 1365 quemadmodum
1693 1323 1840 1351 omnes

90 1400 122 1425 15
143 1386 392 1429 existimant
424 1387 468 1427 et
499 1399 579 1440 ego
611 1384 836 1439 intellego,
880 1387 954 1425 tua
987 1397 1083 1424 cum
1115 1397 1282 1424 summa
1314 1381 1587 1437 integritate,
1625 1384 1718 1422 tum
1757 1380 1839 1422 sin-

143 1457 285 1514 gulari
317 1456 590 1498 humanitate
632 1458 674 1496 et
706 1454 1032 1496 mansuetudine
1072 1456 1327 1496 consecutus
1360 1468 1421 1508 es,
1462 1455 1510 1494 ut
1540 1451 1841 1494 libentissimis

145 1528 321 1571 Graecis
353 1530 473 1582 nutu,
507 1526 620 1581 quod
647 1525 765 1580 velis,
798 1540 1071 1580 consequare,
1103 1527 1204 1580 peto
1233 1540 1257 1566 a
1283 1528 1325 1566 te
1352 1524 1396 1565 in
1423 1523 1630 1565 maiorem
1656 1522 1842 1576 modum,

143 1603 193 1642 ut
223 1598 401 1641 honoris
440 1598 524 1639 mei
563 1606 691 1639 causa
727 1596 808 1639 hac
845 1597 971 1638 laude
1003 1595 1243 1651 Hisponem
1285 1595 1409 1638 adfici
1448 1594 1566 1636 velis.
1621 1596 1845 1648 praeterea
1870 1599 1890 1629 2

145 1685 242 1713 cum
275 1669 402 1711 sociis
436 1669 674 1723 scripturae
707 1667 815 1709 mihi
848 1682 1015 1709 summa
1045 1666 1318 1709 necessitudo
1358 1669 1441 1720 est,
1484 1680 1572 1707 non
1609 1665 1749 1707 solum
1787 1664 1842 1705 ob

91 1754 125 1779 20
145 1756 239 1783 eam
272 1754 445 1782 causam
456 1774 466 1794 ,
499 1740 612 1794 quod
644 1754 694 1780 ea
725 1738 909 1780 societas
942 1738 1143 1779 universa
1174 1737 1219 1778 in
1250 1752 1345 1778 mea
1375 1737 1458 1778 fide
1491 1738 1575 1790 est,
1608 1735 1681 1777 sed
1714 1734 1844 1776 etiam

146 1812 257 1867 quod
288 1811 504 1866 plerisque
538 1810 665 1851 sociis
704 1812 803 1850 utor
842 1808 1192 1850 familiarissime.
1247 1808 1310 1849 ita
1349 1810 1392 1850 et
1424 1807 1663 1862 Hisponem
1701 1820 1844 1846 meum

144 1898 221 1938 per
253 1897 320 1923 me
354 1881 520 1923 ornaris
553 1884 596 1922 et
628 1880 880 1923 societatem
914 1879 1021 1920 mihi
1049 1879 1387 1921 coniunctiorem
1412 1878 1566 1920 feceris
1593 1879 1726 1931 tuque
1753 1876 1844 1931 ipse

145 1956 189 1996 et
221 1967 272 1995 ex
302 1952 430 1994 huius
464 1951 753 2007 opservantia,
785 1950 1025 2007 gratissimi
1055 1950 1256 2003 hominis,
1290 1953 1332 1992 et
1364 1965 1414 1992 ex
1448 1949 1664 1992 sociorum
1690 1947 1846 2003 gratia,

144 2024 370 2066 hominum
401 2023 778 2078 amplissimorum,
811 2015 1047 2064 maximum
1078 2021 1268 2064 fructum
1308 2021 1449 2076 capies
1491 2023 1534 2062 et
1572 2034 1639 2061 me
1678 2033 1845 2060 summo

93 2107 128 2132 25
146 2095 353 2136 beneficio
387 2094 606 2136 adfeceris.
663 2094 724 2136 sic
757 2093 869 2136 enim
903 2093 1031 2134 velim
1063 2093 1295 2147 existimes,
1328 2107 1378 2133 ex
1404 2094 1499 2133 tota
1524 2093 1600 2132 tua
1625 2089 1846 2145 provincia

147 2166 348 2221 omnique
378 2165 465 2207 isto
499 2164 679 2220 imperio
716 2164 826 2207 nihil
865 2179 975 2219 esse,
1015 2164 1128 2218 quod
1165 2163 1273 2205 mihi
1310 2163 1477 2220 gratius
1515 2162 1654 2204 facere
1693 2160 1844 2216 possis.

832 2292 985 2336 LXVI.
1031 2291 1167 2351 (288.)

617 2401 673 2443 M.
701 2400 914 2444 cicERo
948 2399 993 2442 P.
1021 2399 1297 2443 SERVILIO
1335 2399 1374 2442 s

266 2507 317 2549 A.
346 2506 586 2561 Caecinam,
619 2507 803 2549 maxime
835 2507 1058 2562 proprium
1091 2507 1291 2548 clientem
1323 2506 1513 2549 familiae
1545 2509 1726 2561 vestrae,
1761 2520 1848 2548 non
1877 2515 1891 2544 1

95 2590 130 2615 30
150 2579 496 2621 commendarem
528 2579 622 2633 tibi,
656 2593 753 2620 cum
785 2578 951 2632 scirem,
984 2593 1067 2634 qua
1098 2579 1180 2620 fide
1211 2578 1257 2620 in
1289 2581 1400 2632 tuos,
1433 2593 1518 2633 qua
1544 2578 1772 2620 clementia
1803 2577 1848 2618 in

150 2650 425 2692 calamitosos
460 2649 620 2691 soleres
653 2664 769 2710 esse,
804 2649 890 2691 nisi
921 2664 988 2691 me
1022 2652 1065 2691 et
1096 2649 1234 2704 patris
1267 2649 1376 2704 eius,
1415 2664 1498 2704 quo
1533 2664 1630 2691 sum
1666 2634 1848 2689 familia-

149 2719 318 2762 rissime
357 2735 478 2775 usus,
517 2720 726 2761 memoria
763 2723 807 2762 et
843 2720 970 2762 huius
1007 2720 1184 2762 fortuna
1221 2720 1284 2761 ita
1320 2722 1531 2775 moveret,
1574 2723 1624 2761 ut
1660 2719 1847 2761 hominis

149 2849 224 2874 non
247 2838 390 2874 videtur
411 2858 452 2862 -
474 2837 516 2872 de
541 2835 706 2870 habendi
731 2848 762 2872 v.
788 2837 834 2878 cf.
856 2836 1085 2882 Na'yelsbach
1112 2837 1190 2871 ‘lat.
1219 2836 1314 2871 Stil?
1333 2848 1371 2880 p.
1392 2836 1486 2871 438⁸
1510 2857 1564 2880 -—,
1590 2837 1702 2871 multo
1727 2836 1849 2871 minus

150 2885 228 2921 alia
252 2885 455 2920 inserenda.
500 2884 543 2926 cf.
573 2895 658 2918 ann.
681 2885 772 2928 phil.
802 2887 890 2918 1891
913 2896 951 2928 p.
973 2887 1041 2917 349
1073 2884 1084 2927 11
1122 2886 1153 2917 2.
1181 2882 1279 2917 sicut
1304 2883 1384 2917 HD
1414 2884 1426 2927 11
1457 2882 1575 2917 utitur
1600 2883 1644 2917 H
1669 2884 1681 2928 11
1712 2886 1743 2918 3.
1772 2893 1846 2918 acc.

153 2932 382 2967 amatoribus
408 2942 437 2967 c.
465 2931 508 2966 H
524 2932 585 2975 115.
615 2930 694 2976 sed]
721 2932 759 2965 et
787 2931 908 2966 Orelli.
952 2931 996 2974 cf.
1024 2931 1119 2965 Boot
1144 2931 1193 2965 ad
1220 2929 1290 2965 Cic.
1318 2931 1367 2965 acl
1392 2930 1469 2965 Ait.
1495 2930 1556 2972 ΙΙΙ,
1579 2934 1635 2974 15,
1654 2933 1685 2974 5,
1718 2929 1848 2976 Stanyl

159 2980 405 3015 Wocheozsehr.
421 2981 448 3020 f.
463 2979 568 3013 klass.
583 2978 721 3013 Philoz.
738 2982 824 3012 1889
834 2990 872 3022 y).
887 2981 954 3012 806
974 2980 985 3023 11
1005 2980 1036 3013 9.
1057 2976 1121 3021 qui
1138 2977 1216 3022 oct]
1238 2978 1283 3020 cf.
1299 2977 1523 3021 Mam-quardt
1544 2978 1586 3012 ‘ou
1603 2977 1845 3013 Staatsverw.’

152 3026 209 3060 11²
230 3039 267 3071 p.
289 3031 357 3061 300
376 3027 388 3071 11
409 3030 462 3061 12.
485 3025 587 3072 (de)
609 3024 762 3069 reliquis
782 3026 877 3060 Boot
897 3025 998 3068 Cobs.
1020 3025 1114 3059 crit?
1133 3036 1171 3069 p.
1187 3026 1245 3068 25)
1264 3026 1275 3068 11
1297 3027 1349 3058 13.
1373 3024 1419 3058 ab
1440 3024 1586 3069 ephesis
1601 3024 1649 3058 M
1662 3026 1674 3069 11
1696 3027 1749 3060 17.
1771 3036 1793 3059 a
1811 3026 1848 3059 te

153 3084 218 3108 om.
246 3074 290 3108 H
323 3075 335 3118 11
372 3077 426 3109 18.
453 3073 523 3107 hac
549 3072 698 3107 laudem
724 3073 773 3106 M
803 3074 814 3117 11
852 3075 907 3106 25.
935 3083 978 3106 ex
1004 3073 1085 3106 tota
1109 3073 1176 3106 tua
1208 3073 1267 3116 (ex
1292 3072 1358 3105 tua
1384 3072 1466 3105 tota
1492 3071 1566 3116 Η)’1
1600 3071 1639 3106 in
1669 3073 1752 3106 tota
1782 3073 1848 3106 tua

154 3120 282 3165 Kleyn
307 3121 362 3165 (p.
384 3121 453 3165 19),
478 3122 561 3163 fort.
588 3124 690 3163 recle,
715 3120 797 3153 tota
822 3120 888 3153 tua
915 3119 1044 3154 Baiter
1074 3120 1086 3163 11
1117 3122 1172 3153 26,
1199 3117 1354 3163 imperio
1380 3117 1452 3153 isto
1479 3119 1523 3152 H
1549 3120 1559 3162 11
1591 3122 1646 3153 28.
1674 3118 1846 3166 Servilio]

153 3167 199 3211 cf.
221 3167 307 3202 buil.
333 3168 375 3202 cle
400 3178 489 3202 corr.
516 3168 595 3202 hell.
622 3166 655 3200 X
674 3179 713 3211 p.
735 3170 802 3201 293
823 3167 834 3211 11
855 3170 908 3202 29.
936 3165 1096 3201 maxime
1122 3177 1187 3201 om.
1215 3166 1254 3200 D
1272 3167 1283 3211 11
1302 3166 1449 3201 uestrae
1474 3165 1641 3201 familiae
1668 3166 1712 3200 Η
