2242 3496
393 143 477 183 316
988 138 1026 172 Μ
1031 167 1036 172 .
1063 136 1203 171 TVLLI
1229 134 1479 171 CICERONIS

392 251 454 292 ita
485 249 713 291 Laudiceni
748 248 884 289 multo
918 244 1174 286 amentiores
1207 243 1323 285 ultro
1357 244 1660 300 arcessierunt3
1694 261 1744 287 ex
1775 247 1930 301 quibus
1956 246 2084 289 utris-

393 336 472 375 que
502 320 747 361 civitatibus
774 317 1034 358 Graecorum
1061 314 1250 355 militum
1275 328 1454 355 numero
1482 316 1667 368 speciem
1695 317 1906 358 exercitus
1933 318 2082 360 effecit.

392 394 530 433 castra
561 390 691 430 habet
724 390 820 428 ante
853 386 1055 440 oppidum
1083 383 1340 425 Laodiceam
1372 385 1515 438 posita
1541 389 1584 427 et
1611 389 1779 441 partem
1806 388 1919 428 muri
1945 389 2084 431 demo-

392 462 492 502 litus
531 463 595 501 est
640 462 682 499 et
721 460 859 499 castra
904 456 1063 510 oppido
1108 454 1341 496 coniunxit.
1405 455 1579 498 Cassius
1617 459 1765 498 noster
1804 472 1900 499 cum
1938 459 2083 501 decem

392 531 630 585 legionibus
664 531 706 569 et
739 527 989 569 cohortibus
1022 539 1082 567 xx
1117 525 1336 567 auxiliaris
1371 529 1414 567 et
1441 529 1649 581 quattuor
1674 528 1859 569 millium
1886 528 2083 583 equitatu

391 616 414 641 a
447 600 617 640 milibus
650 613 853 652 passuum
886 610 949 639 xx
983 599 1124 639 castra
1161 596 1293 637 habet
1329 597 1475 651 posita
1508 597 1668 655 Πάλτῳ
1708 601 1751 640 et
1788 599 2008 658 existimat
2039 615 2083 642 se

390 671 478 711 sine
511 669 673 723 proelio
699 684 825 722 posse
852 668 1036 721 vincere,
1068 682 1169 708 nam
1195 667 1283 708 iam
1308 668 1444 709 ternis
1471 669 1723 711 tetrachmis
1751 669 1946 712 triticum
1972 671 2084 726 apud

390 740 657 781 Dolabellam
689 742 772 781 est:
810 739 893 780 nisi
933 739 1032 793 quid
1072 738 1254 779 navibus
1287 737 1630 781 Laudicenorum
1670 741 1956 796 supportarit,
1997 742 2084 784 cito

387 811 498 851 fame
530 813 678 864 pereat
704 824 876 851 necesse
903 812 987 865 est,
1018 824 1069 850 ne
1097 811 1353 864 supportare
1378 810 1531 865 possit,
1564 814 1607 852 et
1634 810 1773 853 Cassii
1800 812 1950 854 classis
1976 813 2084 854 bene

388 895 558 936 magna,
602 881 668 922 cui
701 883 872 934 praeest
905 879 1109 921 Sextilius
1142 879 1300 935 Rufus,
1338 883 1381 922 et
1413 884 1519 937 tres,
1559 897 1664 936 quas
1701 897 1780 924 nos
1818 882 2085 938 adduximus,

388 966 484 1005 ego,
518 951 753 1001 Turullius,
787 951 1004 1004 Patiscus,
1046 950 1170 992 facile
1202 952 1499 1005 praestabunt.
1554 956 1596 994 te
1635 954 1733 995 volo
1766 954 1874 995 bene
1913 968 2084 1009 sperare

387 1026 429 1063 et
461 1037 550 1063 rem
583 1038 639 1076 p.,
685 1025 732 1063 ut
769 1038 844 1063 vos
884 1022 982 1063 istic
1022 1022 1273 1077 expedistis,
1317 1022 1379 1064 ita
1422 1039 1500 1078 pro
1537 1027 1688 1066 nostra
1728 1027 1852 1079 parte
1891 1025 2087 1067 celeriter

385 1093 509 1134 nobis
552 1093 739 1146 expediri
780 1108 905 1147 posse
944 1093 1166 1134 confidere.
1229 1093 1335 1136 vale.
1392 1094 1428 1136 d.
1462 1095 1570 1136 Idib.
1601 1095 1693 1136 Iun.
1727 1094 1888 1152 Cypro,
1931 1096 2087 1151 †acro-

386 1164 684 1219 mamyacride.

1082 1259 1199 1301 xiv.
1247 1258 1386 1317 (410.)

731 1365 1043 1409 LENTVLVS
1078 1365 1359 1409 CICERONI
1392 1366 1503 1409 svo
1540 1366 1579 1410 s,
1612 1368 1657 1409 P.
1690 1368 1740 1411 D.

501 1474 608 1515 (Jum
639 1473 824 1515 Brutum
856 1477 1054 1516 nostrum
1096 1474 1393 1517 convenissem
1432 1490 1615 1530 eumque
1653 1475 1820 1517 tardius
1858 1476 1903 1517 in
1937 1475 2085 1518 Asiam

382 1547 608 1586 venturum
642 1545 1039 1600 animadverterem,
1071 1546 1116 1587 in
1147 1545 1299 1587 Asiam
1333 1546 1451 1596 redii,
1485 1549 1533 1587 ut
1564 1546 1770 1601 reliquias
1803 1546 1887 1588 mei
1921 1547 2084 1589 laboris

383 1615 629 1670 colligerem
672 1619 714 1657 et
746 1617 973 1671 pecuniam
1012 1632 1141 1671 quam
1179 1618 1367 1672 primum
1398 1617 1584 1659 Romam
1623 1618 1854 1660 mitterem.
1910 1618 2084 1660 interim

382 1687 564 1741 cognovi
598 1687 640 1727 in
670 1686 803 1740 Lycia
835 1703 928 1729 esse
962 1689 1143 1730 classem
1170 1688 1422 1730 Dolabellae
1457 1689 1727 1744 ampliusque
1760 1692 1931 1731 centum
1962 1690 2084 1732 navis

383 1757 611 1811 onerarias,
645 1758 688 1798 in
722 1774 826 1812 quas
860 1760 1072 1801 exercitus
1113 1760 1204 1800 eius
1243 1760 1408 1814 imponi
1445 1763 1612 1814 posset,
1650 1751 1777 1814 idque
1813 1759 2086 1802 Dolabellam

383 1843 431 1868 ea
463 1832 606 1869 mente
640 1844 923 1884 comparasse,
957 1834 1023 1885 ut,
1055 1831 1091 1871 si
1126 1830 1277 1885 Syriae
1311 1845 1407 1885 spes
1441 1847 1538 1872 eum
1571 1832 1781 1873 frustrata
1819 1834 1950 1886 esset,
1989 1846 2085 1873 con·

384 1900 603 1941 scenderet
635 1901 679 1941 in
711 1901 832 1942 navis
865 1905 908 1942 et
939 1901 1114 1943 Italiam
1152 1904 1320 1956 peteret
1359 1917 1488 1956 seque
1530 1918 1628 1944 cum
1667 1902 1870 1944 Antoniis
1911 1905 1954 1943 et
1991 1901 2086 1944 reli-

384 1970 478 2023 quis
511 1971 753 2013 latronibus
788 1973 1087 2027 coniungeret:
1129 1973 1248 2014 cuius
1282 1973 1342 2014 rei
1375 1975 1497 2014 tanto
1531 1974 1576 2014 in
1607 1973 1764 2015 timore
1797 1973 1877 2027 fui,
1914 1976 1963 2014 ut
1995 1986 2085 2015 om-

383 2041 508 2082 nibus
541 2043 667 2083 rebus
701 2044 861 2085 relictis
896 2059 991 2086 cum
1024 2044 1301 2099 paucioribus
1335 2048 1378 2086 et
1410 2045 1650 2087 minoribus
1686 2044 1869 2086 navibus
1903 2045 1955 2086 ad
1986 2044 2083 2086 illas
2104 2060 2119 2084 e
2169 2078 2173 2082 .

337 2120 353 2147 2'
385 2111 443 2152 ire
477 2116 654 2155 conatus
689 2114 779 2156 sim.
839 2131 946 2169 quae
985 2131 1071 2169 res,
1110 2116 1146 2157 si
1187 2131 1211 2156 a
1247 2115 1430 2157 Rhodiis
1468 2131 1556 2158 non
1593 2130 1731 2158 essem
1769 2116 2084 2170 interpellatus,

500 2244 528 2275 1.
556 2241 759 2276 Laudiceni
789 2244 978 2289 Graevius,
1004 2244 1209 2279 lauidiceni
1235 2244 1327 2289 (laui
1354 2244 1476 2279 diceni
1502 2245 1561 2289 H)
1591 2247 1638 2280 Ψ.
1674 2243 1878 2279 Laodiceni
1904 2244 1971 2279 alii
1998 2245 2010 2287 ΙΙ
2040 2254 2084 2278 ex

382 2287 516 2331 quibus
544 2290 602 2332 M,
629 2290 726 2324 ultro
754 2292 833 2335 (sic)
860 2291 940 2325 HD
971 2294 982 2336 ΙΙ
1013 2296 1043 2326 2.
1071 2304 1260 2327 numerum
1286 2297 1368 2327 ante
1392 2303 1546 2327 numero
1572 2293 1745 2327 eoecz'disse
1765 2292 1914 2336 putavit
1942 2291 2054 2326 Orelli
2073 2292 2083 2337 [l

382 2339 412 2369 3.
440 2335 647 2370 laodiceam
674 2338 728 2380 M,
754 2337 964 2373 laudiceam
991 2339 1071 2373 HD
1100 2343 1110 2383 Η
1143 2344 1173 2375 5.
1202 2339 1396 2374 auxiliaris
1423 2341 1477 2384 M,
1505 2339 1567 2374 -iis
1596 2340 1675 2374 HD
1706 2343 1716 2382 ΙΙ
1747 2338 1909 2373 millium
1935 2339 1989 2382 M,
2014 2337 2082 2372 mi-

382 2382 472 2416 lium
499 2384 579 2417 HD
603 2386 614 2428 ῃ
643 2388 674 2418 6.
702 2384 850 2432 Πάλτῳ]
877 2388 1070 2421 ΠΑΛΤΩΙ
1094 2387 1154 2429 Μ,
1181 2388 1380 2421 ΠΑΝΤΩΙ
1404 2388 1459 2431 Η,
1492 2389 1696 2435 ΠΑΜΊᾪΙ
1718 2387 1767 2422 D.
1812 2384 1946 2433 Πάλτῳ
1966 2390 2084 2430 potest

382 2431 526 2471 delendi
552 2433 611 2475 (ef.
639 2432 804 2477 Kruqqer
829 2445 880 2478 qr.
910 2434 974 2469 Gr.
1001 2438 1062 2478 46,
1086 2439 1122 2478 1,
1143 2436 1197 2479 4),
1233 2439 1347 2478 potest
1378 2436 1461 2469 item
1492 2436 1628 2479 suscipi
1653 2435 1822 2469 Manutiz·
1847 2434 1997 2468 Παλτοῖ.
2044 2432 2084 2468 ἐν

383 2475 514 2523 Πάλτῳ
541 2482 605 2513 aut
630 2480 678 2513 acl
703 2479 835 2514 Πάλτω
863 2482 942 2526 (sic)
974 2482 1196 2527 lVesenbergy.
1235 2483 1278 2517 de
1309 2483 1387 2527 ipso
1420 2483 1493 2517 Ioco
1519 2494 1549 2517 v.
1579 2482 1614 2517 O.
1637 2482 1775 2516 Mz'iller
1801 2481 1849 2516 acl
1873 2491 1990 2526 yeoyr.
2018 2481 2082 2516 Gr.

383 2525 469 2559 min.
496 2525 509 2558 I
531 2538 568 2569 p.
592 2529 657 2559 473
696 2528 707 2571 Η
746 2530 776 2562 7.
802 2528 1071 2572 tetracmhmis,
1098 2542 1135 2563 m
1161 2541 1239 2573 exp.
1267 2530 1343 2573 ΜΓ,
1370 2530 1432 2572 Μ,
1459 2529 1680 2564 tetrachmis
1706 2529 1762 2572 D,
1788 2529 1826 2563 te
1850 2527 2006 2562 trachiis
2032 2528 2082 2563 H.

383 2572 666 2607 tetradrachmis
694 2586 725 2611 ς.
769 2575 810 2609 cle
842 2577 959 2617 forma
991 2578 1056 2611 illa
1087 2590 1118 2612 ν.
1145 2577 1302 2611 Hultsch
1336 2578 1471 2612 metrol.
1498 2578 1621 2621 script.
1648 2577 1683 2610 II
1710 2589 1747 2621 p.
1769 2579 1847 2610 220.
1875 2578 1961 2619 259,
2000 2576 2083 2611 Liv.

383 2618 544 2663 XXXIV,
566 2623 620 2664 52,
642 2624 673 2659 6.
700 2621 952 2667 Dittenberyer
977 2625 1057 2669 syll.
1087 2626 1191 2659 inser.
1222 2625 1286 2659 Gr.
1313 2627 1393 2668 367,
1422 2628 1476 2659 14.
1503 2627 1559 2659 40.
1586 2627 1654 2657 215
1680 2625 1691 2668 11
1717 2627 1747 2658 8.
1775 2623 1841 2658 est.
1871 2621 1985 2657 ninisi
2009 2623 2060 2656 Μ
2075 2642 2083 2663 ,κ

384 2666 661 2701 laudicenorum
688 2668 805 2712 (laudi
832 2680 1006 2727 cenorum
1034 2672 1092 2716 H)
1122 2674 1169 2716 Ψ,
1195 2671 1489 2706 Laodicenorum
1514 2672 1583 2706 aliz·
1607 2673 1619 2715 ΙΙ
1645 2675 1676 2706 9.
1702 2670 1838 2716 possit]
1863 2670 1991 2715 posset
2019 2671 2058 2704 Ψ
2074 2669 2086 2716 ΙΙ

386 2728 438 2759 11,
466 2725 639 2760 turullius
666 2728 726 2771 M,
761 2728 917 2764 tululius
943 2729 997 2773 D,
1030 2729 1160 2764 tullius
1189 2731 1227 2764 H
1258 2733 1269 2775 ΙΙ
1300 2731 1337 2765 te
1363 2730 1463 2776 volo]
1498 2731 1535 2765 et
1559 2729 1646 2764 uolo
1675 2732 1716 2764 Ψ
1744 2731 1755 2774 {l
1789 2732 1844 2764 12.
1870 2729 1912 2763 ut
1937 2728 2020 2775 vos]
2048 2729 2086 2763 et

384 2783 449 2805 uos
479 2775 518 2806 Ψ
553 2775 563 2816 ΙΙ
601 2774 783 2821 celeriter]
818 2776 986 2811 celeriter
1018 2776 1088 2811 iter
1116 2780 1156 2812 Ψ
1190 2779 1200 2822 ΙΙ
1239 2781 1293 2813 13.
1319 2777 1445 2823 nobis]
1472 2777 1551 2824 (a)
1578 2778 1686 2812 nobis
1712 2778 1790 2812 alii.
1829 2777 1875 2820 cf.
1899 2776 2085 2810 Tillmaom

386 2823 450 2853 aet.
466 2832 544 2854 sem.
562 2822 715 2866 Erlany.
731 2822 773 2858 H.
798 2827 897 2859 1881.
916 2836 953 2868 p.
971 2827 1012 2858 77
1024 2836 1072 2868 sq.
1102 2830 1254 2860 ceterum
1269 2824 1436 2870 expediri
1456 2825 1563 2860 nobis
1578 2825 1659 2859 HD
1678 2827 1689 2869 ΙΙ
1710 2828 1763 2858 13.
1781 2827 1834 2859 14.
1857 2833 2083 2867 acromamy—

387 2866 511 2900 acride
537 2869 595 2912 (ac
620 2879 724 2904 roma
748 2871 938 2914 myacride
964 2871 1073 2918 HD)]
1110 2884 1182 2917 qua
1206 2873 1325 2915 forma
1356 2874 1514 2907 novm'ssm's
1539 2873 1597 2917 (cf.
1628 2872 1663 2906 C.
1684 2871 1823 2906 Muller
1847 2871 1868 2904 l.
1890 2881 1920 2921 ⁶:
1941 2881 1978 2914 p.
2000 2871 2084 2915 486)

384 2924 469 2947 usus
494 2916 541 2948 sit
569 2915 713 2951 Cassius
739 2918 924 2953 incertwn.
964 2929 986 2952 a
1012 2918 1334 2963 Crommyoacride
1357 2920 1579 2965 Wesenbem,
1605 2930 1627 2953 a
1647 2915 1970 2961 Crommyuacrlde
1995 2917 2085 2963 aliill

388 2962 439 2993 16.
467 2961 508 2995 (Ie
535 2962 575 2996 P.
597 2963 746 2998 Lentuli
776 2977 900 3010 ywere
932 2966 1076 3001 dicendi
1107 2971 1274 3002 accurate
1305 2968 1477 3002 disseruit
1502 2967 1548 3002 A.
1570 2967 1708 3001 Kehlcr
1740 2965 1842 2999 ‘iiber
1866 2965 1900 2998 d.
1927 2963 2084 3009 Sprache

387 3042 419 3076 cl.
435 3042 558 3083 Briefe
579 3045 611 3079 d.
632 3046 672 3079 P.
690 3045 876 3081 Cornelius
896 3048 1074 3082 Lentulus
1094 3049 1279 3093 Spinther’
1297 3061 1421 3094 progr.
1444 3049 1670 3093 Norimbery.
1694 3050 1785 3082 1890
1805 3048 1816 3091 ΙΙ
1836 3049 1890 3081 22.
1912 3023 2084 3089 frliqtrata,

387 3100 403 3122 s
429 3100 452 3122 a
476 3088 552 3133 310,
582 3091 631 3134 M,
659 3091 819 3127 frustata
846 3094 991 3139 Η1123.
1019 3106 1130 3140 seque
1157 3107 1200 3132 ex
1227 3095 1332 3140 sique
1358 3096 1429 3131 .lec

2106 899 2139 924 10

2104 1277 2139 1302 15

2105 1705 2139 1729 20
