2242 3496
408 180 523 214 XXVI
1114 174 1396 209 PRAEFATIO.

403 287 671 329 conformata
704 287 760 327 sit
794 300 844 326 ex
877 283 1055 324 Medicei
1088 283 1188 324 libri
1222 281 1492 324 auctoritate.
1549 298 1626 325 nec
1659 284 1810 325 dubito
1845 285 1947 338 quin
1986 285 2098 326 idem

403 358 567 399 sensuri
600 358 687 398 sint
719 356 790 397 alii
834 355 906 408 qui
943 368 1029 394 non
1068 353 1235 394 soleant
1272 353 1458 408 arripere
1496 369 1607 395 nova
1644 358 1821 408 propter
1860 355 2098 396 novitatem

402 428 556 481 quique
590 429 831 468 accuratam
864 425 1053 465 habeant
1086 424 1295 465 sermonis
1329 424 1577 478 epistularis
1613 425 1827 467 notitiam.

520 513 567 539 ac
589 498 623 538 si
647 497 887 548 voluissem,
915 494 1032 535 facili
1055 510 1184 549 opera
1204 495 1442 548 potuissem
1464 494 1658 536 codicum
1679 496 1751 550 qui
1771 496 1816 537 in
1835 497 1958 539 libris
1978 497 2093 538 IX—

400 567 502 608 XVI
534 582 616 608 non
652 567 766 608 omni
800 581 848 606 ex
881 567 1003 619 parte
1036 566 1250 619 pendeant
1282 580 1333 606 ex
1365 565 1426 620 M,
1470 553 1671 621 magnum
1713 566 1915 622 colligere
1954 583 2097 609 nume-

400 653 506 678 rum.
575 651 681 691 quos
728 636 894 677 codices
940 650 1036 676 cum
1082 635 1220 677 sciens
1265 636 1537 690 prudensque
1578 637 1814 691 omiserim,
1859 641 2003 680 tamen
2046 654 2098 680 ne

401 708 631 748 omissione
665 722 714 747 ea
746 707 892 748 videar
923 706 1144 748 consulere
1180 706 1365 748 voluisse
1395 706 1576 749 Medicei
1608 708 1772 763 gloriae
1805 712 1849 750 et
1874 709 2099 751 detrahere

399 779 448 818 de
483 778 519 817 Y
553 778 823 831 auctoritate,
855 778 962 819 haec
994 777 1253 819 subicienda.

520 851 619 889 sunt
650 847 785 903 igitur
817 849 972 890 indicia
1003 849 1141 890 multa
1166 863 1273 903 quae
1301 850 1458 890 ducant
1485 851 1535 891 ad
1563 851 1948 892 contaminationem
1973 864 2100 904 quan—

398 921 510 973 dam,
553 934 636 973 qua
675 934 782 961 saec.
809 919 891 961 XV
928 920 1041 961 inter
1080 935 1123 961 se
1163 921 1382 961 commissi
1422 921 1508 961 sint
1540 921 1584 962 M
1623 922 1690 962 vel
1729 922 1874 975 potius
1905 921 1940 962 P
1973 924 2016 963 et
2051 921 2098 963 Y.

399 992 547 1031 extant
581 991 692 1031 enim
727 990 893 1032 codices
927 991 1038 1032 haud
1071 991 1197 1045 pauci
1230 994 1318 1032 tam
1350 991 1558 1032 librorum
1584 991 1768 1032 I—XVI
1804 1007 1932 1046 quam
1958 995 2099 1047 poste—

398 1060 523 1101 rioris
568 1061 705 1114 partis
752 1062 903 1115 solius,
955 1062 999 1102 in
1053 1061 1208 1116 quibus
1253 1061 1354 1102 libri
1386 1061 1615 1102 IX-—XVI
1661 1063 1870 1117 impressa
1912 1063 2102 1104 habeant
2148 1085 2150 1088 ·

398 1131 524 1172 modo
558 1131 802 1173 certissima
834 1131 867 1173 P
899 1133 1082 1187 vestigia
1109 1132 1236 1173 modo
1263 1147 1349 1173 non
1377 1133 1517 1174 minus
1545 1136 1662 1175 certa
1688 1133 1727 1173 Y
1755 1133 1904 1175 classis
1931 1133 2101 1189 indicia,

398 1203 524 1257 idque
565 1205 656 1244 tam
694 1203 737 1243 in
777 1203 942 1245 lacunis
981 1218 1109 1257 quam
1149 1203 1193 1244 in
1232 1203 1447 1257 scriptura
1488 1204 1699 1246 universa.
1764 1205 1876 1258 quod
1916 1204 2100 1245 mixtum

399 1288 532 1329 genus
568 1289 663 1315 cum
698 1288 763 1315 me
796 1274 868 1315 diu
899 1275 1088 1328 lusisset,
1121 1274 1440 1316 existimantem
1475 1275 1640 1317 scilicet
1671 1275 1847 1316 tertiam
1879 1275 1954 1316 illo
1986 1275 2099 1317 effici

397 1345 440 1385 in
473 1345 499 1387 l.
528 1344 752 1386 lX-XVI
786 1346 980 1400 classem,
1013 1346 1225 1387 diversam
1259 1361 1352 1387 eam
1386 1349 1428 1387 et
1461 1362 1484 1387 a
1516 1345 1560 1387 M
1594 1349 1636 1387 et
1670 1362 1693 1387 a
1723 1346 1762 1387 Y
1794 1347 1974 1401 ideoque
2007 1361 2099 1402 gra-

397 1415 631 1470 vissimam,
662 1416 836 1457 tandem
862 1416 1121 1470 deprehendi
1149 1431 1243 1457 eam
1271 1431 1399 1470 quam
1427 1417 1513 1458 dixi
1541 1417 1963 1459 contaminationem.
2016 1432 2100 1472 qua

396 1486 618 1528 intellecta
657 1501 860 1541 quaerere
899 1487 1071 1528 institui
1111 1488 1222 1541 quod
1259 1487 1300 1528 Y
1339 1488 1508 1542 generis
1553 1488 1795 1542 exemplum
1838 1487 1927 1529 illic
1967 1487 2099 1528 fuerit

396 1556 651 1611 adhibitum,
683 1573 870 1599 unumne
903 1574 953 1600 ex
987 1559 1047 1600 eis
1076 1573 1182 1613 quae
1211 1561 1442 1613 supersunt
1467 1573 1521 1600 an
1548 1559 1748 1614 ignotum
1775 1558 1959 1613 aliquod.
2015 1573 2098 1614 quo

395 1628 439 1668 in
480 1629 673 1670 examine
712 1644 810 1670 mox
848 1630 990 1684 patuit
1029 1630 1078 1671 de
1117 1629 1351 1670 Harleiano
1385 1630 1500 1671 2682
1547 1630 1719 1683 quidem
1759 1628 1942 1684 cogitari
1978 1629 2098 1671 nullo

396 1700 522 1740 modo
555 1714 699 1753 posse:
733 1700 891 1741 etenim
926 1703 968 1741 et
1001 1700 1232 1754 epistulam
1258 1699 1332 1753 IX,
1362 1701 1414 1742 18
1449 1715 1555 1754 quae
1592 1703 1686 1741 tota
1718 1701 1836 1742 deest
1865 1701 1909 1741 in
1935 1700 2024 1754 illo,
2056 1703 2099 1742 et

397 1770 638 1825 singulares
670 1771 789 1812 locos
822 1771 996 1825 multos,
1029 1771 1073 1812 in
1107 1771 1263 1825 quibus
1296 1771 1367 1811 ille
1401 1770 1631 1813 lacunosus
1665 1775 1743 1825 est,
1775 1771 1968 1826 integros
2002 1786 2098 1813 con-

396 1841 597 1882 taminati
631 1842 796 1883 codices
830 1842 1004 1895 habent,
1037 1843 1098 1883 sic
1131 1842 1304 1897 quidem
1336 1845 1384 1883 ut
1415 1845 1587 1896 praeter
1620 1841 1663 1883 M
1697 1841 1939 1883 adhibitum
1973 1842 2030 1884 sit
2058 1842 2097 1883 Y

397 1926 543 1967 genus
602 1911 827 1954 Oratandri
868 1916 1012 1955 autem
1046 1912 1304 1967 ‘antiquum’
1345 1913 1468 1954 illum
1509 1928 1604 1955 cum
1646 1913 1717 1953 vix
1754 1913 1882 1954 liceat
1918 1913 1989 1954 hic
2028 1914 2097 1954 ad-

398 1997 570 2037 vocare,
603 1986 753 2037 utpote
789 1984 861 2038 qui
895 1984 1028 2025 videri
1062 1984 1201 2038 possit
1232 1999 1318 2025 non
1351 1987 1441 2025 tam
1473 1984 1691 2025 faciendae
1725 1984 1969 2025 inserviisse
2003 1999 2098 2026 con-

396 2054 672 2095 taminationi
706 2069 834 2108 quam
868 2058 989 2096 ortus
1023 2055 1114 2109 ipse
1147 2070 1198 2096 ex
1223 2055 1309 2095 iam
1335 2055 1461 2108 facta,
1494 2057 1632 2095 restat
1657 2053 1694 2095 is
1722 2054 1853 2095 codex
1880 2052 1959 2109 (Z)
1986 2055 2097 2096 unde

396 2125 682 2179 transcriptus
723 2128 788 2166 est
828 2126 1051 2167 Palatinus
1085 2127 1168 2168 598
1210 2124 1298 2182 (D).
1368 2140 1452 2180 quo
1491 2141 1540 2166 ex
1580 2125 1723 2166 codice
1766 2125 1800 2166 si
1842 2125 1936 2179 quis
1981 2125 2097 2166 dicat

397 2196 577 2237 diversis
610 2197 878 2250 temporibus
922 2197 1052 2238 fuisse
1093 2197 1332 2238 derivatum
1371 2200 1413 2237 et
1444 2196 1483 2237 D
1517 2200 1569 2238 et
1593 2196 1707 2237 aliud
1741 2196 1983 2250 exemplum
2011 2194 2096 2252 (E)

398 2267 475 2321 ita,
515 2269 561 2307 ut
594 2266 632 2307 D
667 2267 922 2321 simpliciter
954 2268 1334 2322 transcriberetur,
1376 2267 1411 2308 Ε
1445 2282 1545 2309 vero
1580 2267 1842 2308 conficiendo
1876 2269 2098 2321 praeterea

398 2337 675 2379 adhiberetur
701 2337 881 2380 Medicei
907 2339 975 2392 49,
1004 2341 1026 2380 7
1056 2339 1353 2394 apographum
1387 2339 1572 2393 aliquod,
1604 2353 1819 2392 porroque
1845 2338 2096 2393 progeniem

398 2408 446 2463 E,
478 2424 574 2450 cum
606 2409 697 2463 ipse
732 2424 900 2464 quoque
928 2409 1302 2463 multiplicaretur,
1334 2410 1475 2450 varias
1506 2408 1690 2450 subiisse
1717 2408 2027 2463 corruptiones,
2059 2409 2096 2450 is

396 2494 481 2520 non
517 2483 633 2521 caret
666 2480 933 2535 argumentis
960 2480 1116 2534 quibus
1147 2495 1240 2521 eam
1268 2479 1491 2521 defendere
1518 2479 1656 2533 possit
1683 2479 1939 2533 opinionem.
1995 2494 2096 2521 nam

398 2551 680 2591 contaminati
725 2551 789 2592 illi
834 2554 876 2591 et
920 2551 963 2591 in
1009 2551 1150 2591 verbis
1198 2551 1335 2591 multa
1378 2551 1540 2591 habent
1584 2564 1690 2604 quae
1736 2552 1874 2590 artam
1920 2565 2015 2591 cum
2056 2550 2095 2591 D

398 2621 700 2675 cognationem
743 2622 931 2663 indicare
977 2622 1202 2665 videantur
1241 2625 1284 2662 et
1324 2636 1420 2663 cum
1460 2620 1638 2662 confusa
1675 2620 1836 2661 fuerint
1875 2635 1924 2661 ex
1961 2620 2096 2661 Mauii

397 2692 647 2733 testimonio
675 2690 731 2748 (v.
752 2708 790 2746 p.
810 2691 956 2733 XXIII
978 2693 1070 2733 adn.
1096 2692 1137 2745 1)
1166 2692 1209 2733 in
1231 2692 1259 2732 Z
1286 2691 1403 2744 folia,
1430 2691 1512 2732 fuit
1539 2691 1741 2732 foliorum
1764 2691 1973 2745 quaedam
2000 2705 2096 2732 con—

400 2762 507 2803 fusio
542 2763 673 2803 etiam
705 2763 748 2803 in
782 2764 1174 2804 contaminatorum
1207 2763 1338 2804 fonte.
1396 2763 1544 2803 obstat
1576 2762 1711 2803 altera
1745 2777 1795 2803 ex
1826 2764 1948 2815 parte
1981 2762 2094 2815 quod

400 2833 788 2875 contaminatorum
823 2834 1016 2875 confusio
1050 2835 1218 2875 diversa
1250 2836 1317 2875 est
1351 2850 1373 2874 a
1405 2833 1463 2874 D:
1504 2833 1548 2874 in
1580 2832 1667 2874 illis
1700 2833 1814 2874 enim
1844 2831 1946 2872 libri
1979 2832 2095 2872 dum-

399 2905 519 2943 taxat
552 2905 669 2944 tertii
703 2905 855 2946 decimi
888 2905 1098 2958 epistulae
1132 2905 1309 2945 confuso
1340 2904 1486 2945 ordine
1514 2919 1557 2945 se
1585 2903 1815 2957 excipiunt,
1847 2917 1943 2943 cum
1975 2905 2094 2943 recto

400 2977 572 3013 currant
613 2975 655 3015 in
695 2975 743 3016 D.
812 2991 939 3029 porro
985 2978 1133 3016 extant
1178 2977 1219 3016 in
1266 2975 1572 3017 contaminatis
1618 2988 1725 3027 quae
1770 2973 1924 3015 desunt
1967 2974 2010 3013 in
2055 2972 2092 3013 D

400 3043 606 3096 epistulae
634 3045 684 3098 X,
715 3047 784 3100 183
819 3047 889 3100 193
923 3047 990 3100 20,
1021 3047 1148 3099 1—33
1182 3046 1256 3100 Xl,
1282 3047 1356 3099 29,
1394 3046 1456 3087 ita
1489 3045 1660 3099 quidem
1692 3059 1765 3085 eae
1799 3043 2094 3085 conformatae

399 3116 447 3153 ut
486 3114 697 3167 pelluceat
742 3120 910 3170 praeter
948 3116 1187 3158 Mediceum
1226 3116 1276 3157 Y.
1338 3118 1519 3170 possunt
1562 3115 1732 3169 quidem
1772 3129 1844 3156 eae
1883 3114 2094 3168 epistulae
