2242 3496
333 1093 372 1122 19

397 197 452 238 22
1000 193 1048 227 Μ.
1075 192 1215 226 TVLLI
1242 191 1492 228 CICERONIS

396 305 485 346 deri
517 318 642 359 posse.
675 303 898 355 diffideret,
931 300 1028 354 cogi
1061 299 1125 340 fas
1158 314 1252 340 esse
1282 314 1370 341 non
1402 300 1704 343 arbitraretur:
1737 317 1834 344 mea
1865 302 1978 345 ratio
2011 303 2096 345 fuit

399 375 499 428 alia,
545 374 656 428 quod
700 387 836 426 neque
882 370 1117 424 desipiente
1155 370 1316 424 populo
1353 385 1431 412 nec
1472 371 1643 426 integra
1680 388 1724 414 re
1763 374 1869 414 mihi
1908 375 1960 416 ad
2000 389 2096 416 con-

399 445 642 496 sulendum,
694 454 1013 495 capesseremne
1058 455 1148 482 rem
1192 440 1432 496 publicam,
1482 441 1730 496 implicatus
1775 444 1972 498 tenebar,
2023 445 2096 486 sed

398 517 583 557 laetatus
628 517 771 554 tamen
816 526 928 564 sum,
974 511 1087 564 quod
1127 511 1233 552 mihi
1277 510 1426 553 liceret
1466 511 1512 552 in
1550 512 1698 553 eadem
1743 528 1872 555 causa
1908 517 1952 556 et
1989 515 2096 556 mihi

399 586 523 628 utilia
556 588 598 625 et
630 583 763 625 cuivis
797 583 910 623 bono
944 585 1062 624 recta
1101 582 1342 637 defendere3
1380 582 1463 624 huc
1501 583 1683 624 accessit
1724 586 2099 627 commemoranda

400 656 603 711 quaedam
647 656 689 694 et
727 652 872 694 divina
910 651 1106 694 Caesaris
1148 653 1193 693 in
1231 668 1297 694 me
1343 653 1608 708 fratremque
1653 669 1796 696 meum
1839 655 2099 697 liberalitas:

400 727 470 780 qui
516 725 641 779 mihi,
687 737 962 777 quascunque
1000 738 1068 765 res
1110 726 1294 779 gereret,
1338 724 1522 766 tuendus
1568 727 1703 779 esset,
1745 739 1859 766 1111116
1894 725 1940 766 111
1977 728 2101 768 tanta

398 796 604 838 felicitate
643 794 861 848 tantisque
904 794 1117 849 victoriis,
1159 795 1329 836 etiamsi
1363 796 1406 836 in
1443 809 1522 836 nos
1553 810 1641 837 non
1672 795 1708 836 is
1742 799 1874 851 esset,
1913 796 1986 851 qui
2024 799 2103 851 est,

400 870 543 908 tamen
586 866 800 907 ornandus
845 865 1079 921 videretur,
1124 865 1185 908 sic
1223 865 1337 907 enim
1376 869 1418 907 te
1457 866 1704 908 existimare
1748 867 1899 923 velim,
1942 882 2039 910 611111
2078 883 2102 910 a

399 937 540 991 vobis,
583 951 701 978 meae
743 936 895 978 salutis
935 937 1203 992 auctoribus,
1245 937 1534 992 discesserim,
1574 938 1792 980 neminem
1829 952 1940 993 esse,
1981 939 2102 980 cuius

402 1008 555 1050 officiis
601 1022 668 1049 me
707 1010 798 1049 tam
836 1022 928 1050 esse
975 1008 1222 1050 devinctum
1265 1023 1353 1050 non
1398 1008 1809 1069 5011111116011111661,
1854 1009 1928 1050 sed
1972 1009 2102 1051 etiam

402 1080 623 1135 gaudeam.
688 1079 802 1133 quod
836 1079 1039 1133 quoniam
1071 1079 1154 1120 tibi
1186 1079 1382 1134 exposui,
1423 1079 1568 1120 facilia
1600 1082 1701 1121 sunt
1733 1094 1799 1133 ea,
1839 1094 1948 1134 quae
1980 1095 2006 1121 a
2036 1095 2104 1121 me

401 1151 449 1192 de
490 1149 668 1192 Vatinio
707 1152 758 1191 ‘et
803 1150 852 1191 de
892 1149 1049 1192 Crasso
1088 1149 1292 1204 requiris3
1336 1165 1455 1205 nam,
1501 1151 1551 1192 de
1589 1150 1733 1206 Appio
1779 1152 1894 1205 quod
1938 1151 2106 1208 scribis,

401 1221 529 1263 sicuti
562 1222 611 1262 de
645 1220 849 1274 Caesare,
881 1223 923 1262 te
955 1236 1042 1262 non
1074 1220 1403 1276 reprehendere,
1436 1222 1601 1277 gaudeo
1635 1222 1717 1264 tibi
1750 1222 1979 1264 consilium
2009 1238 2105 1277 pro-

401 1293 493 1334 bari
539 1307 693 1334 meum.
755 1292 805 1333 de
844 1291 1024 1333 Vatinio
1070 1294 1232 1346 autem,
1275 1292 1464 1346 primum
1509 1292 1673 1334 reditus
1718 1293 2022 1336 intercesserat
2059 1294 2106 1336 in

403 1364 587 1419 gratiam
607 1378 683 1417 per
702 1362 970 1418 Pompeium,
997 1363 1148 1404 statim
1173 1366 1222 1404 ut
1248 1363 1320 1404 ille
1346 1366 1521 1417 praetor
1547 1366 1614 1405 est
1633 1364 1786 1417 factus,
1815 1379 1912 1406 cum
1933 1365 2106 1419 quidem

403 1448 482 1490 ego
517 1434 607 1476 eius
639 1434 896 1488 petitionem
928 1434 1198 1489 gravissimis
1236 1434 1281 1475 in
1323 1437 1476 1475 senatu
1509 1435 1736 1476 sententiis
1776 1449 2107 1490 oppugnassem,

403 1521 540 1560 neque
584 1508 675 1547 tam
712 1505 830 1546 illius
874 1505 1070 1547 laedendi
1109 1519 1239 1546 causa
1285 1519 1414 1559 quam
1458 1504 1710 1547 defendendi
1753 1508 1882 1559 atque
1927 1506 2108 1551 ornandi

405 1577 599 1631 Catonis3
631 1579 732 1631 post
764 1580 909 1618 autem
942 1576 1154 1630 Caesaris,
1186 1579 1236 1617 ut
1267 1576 1391 1617 illum
1423 1576 1711 1631 defenderem,
1743 1576 1854 1618 mira
1885 1578 2107 1620 contentio

404 1652 471 1691 est
504 1651 745 1690 consecuta.
797 1662 872 1690 cur
904 1650 1050 1689 autem
1081 1648 1307 1702 laudarim,
1338 1650 1440 1702 peto
1474 1662 1498 1689 a
1530 1651 1586 1703 te,
1617 1651 1665 1689 ut
1696 1647 1739 1689 id
1771 1662 1796 1689 a
1828 1662 1895 1689 me
1926 1663 2032 1690 neve
2064 1649 2110 1690 in

403 1721 486 1762 hoc
525 1735 598 1761 reo
639 1735 745 1761 neve
784 1720 829 1760 in
867 1719 962 1761 aliis
1003 1720 1218 1773 requiras,
1261 1734 1314 1760 ne
1353 1719 1434 1760 tibi
1473 1733 1552 1775 ego
1591 1719 1705 1760 idem
1743 1733 1967 1774 reponam,
2013 1734 2109 1761 cum

405 1791 572 1833 veneris
607 1816 659 1820 —
694 1791 870 1832 tametsi
901 1805 1078 1845 possum
1109 1791 1177 1832 vel
1210 1791 1393 1846 apsenti,
1424 1791 1649 1832 recordare
1676 1789 1801 1844 enim,
1834 1789 1990 1845 quibus
2023 1791 2110 1833 lau-

406 1862 624 1911 dationem
657 1877 707 1903 ex
738 1861 906 1903 ultimis
939 1861 1067 1903 terris
1100 1862 1288 1917 miseris3
1319 1876 1398 1903 nec
1429 1861 1512 1903 hoc
1544 1861 1835 1916 pertimueris,
1865 1876 1966 1903 nam
1992 1876 2018 1902 a
2043 1876 2110 1903 me

406 1934 500 1988 ipso
528 1933 758 1974 laudantur
783 1935 826 1974 et
851 1933 1143 1974 laudabuntur
1168 1932 1282 1974 idem
1303 1949 1377 1988 —3
1409 1932 1483 1974 sed
1505 1934 1652 1974 tamen
1672 1931 1924 1973 defendendi
1943 1931 2111 1974 Vatinii

408 2005 490 2045 fuit
522 2004 653 2045 etiam
684 2003 757 2045 ille
790 2003 1004 2058 stimulus,
1036 2003 1085 2044 de
1114 2018 1197 2058 quo
1230 2002 1274 2044 in
1306 2003 1479 2056 iudicio,
1512 2017 1642 2058 quom
1677 2002 1802 2044 illum
1828 2002 2110 2058 defenderem,

408 2075 494 2117 dixi
522 2090 589 2117 me
615 2074 755 2117 facere
784 2074 1000 2129 quiddam,
1027 2074 1140 2128 quod
1165 2073 1212 2115 in
1233 2072 1475 2115 ‘Eunucho'
1500 2074 1717 2128 parasitus
1745 2074 1944 2116 suaderet
1964 2073 2111 2116 militi:

721 2169 796 2211 ubi
827 2168 1071 2211 nominabit
1104 2169 1379 2224 Phaedriam,
1410 2172 1459 2210 tu
1491 2168 1765 2223 Pamphilam

723 2240 944 2295 continuo3
979 2239 1015 2281 si
1048 2240 1217 2295 quando
1250 2239 1326 2281 illa
1358 2240 1471 2282 dicet
1503 2238 1776 2281 ePhaedriam

722 2311 837 2353 intro
869 2312 1094 2353 mittamus
1128 2310 1413 2366 comisatum',
1444 2310 1717 2365 Pamphilam

409 2442 578 2484 voluisse,
614 2442 675 2476 secl
707 2445 858 2486 propter
889 2441 1074 2476 homimem
1107 2441 1377 2486 perversitatem
1409 2440 1463 2474 bis
1493 2439 1669 2474 destitisse
1707 2440 1829 2484 itaque
1859 2451 1932 2474 rem
1963 2441 2004 2474 in
2030 2451 2114 2484 per-

405 2493 557 2533 petuum
589 2489 754 2523 omiscsse.
784 2489 890 2523 verba
921 2489 1036 2534 'iyitur
1062 2498 1218 2532 cumque
1236 2486 1449 2521 —vidisset
1483 2487 1532 2522 acl
1556 2498 1599 2521 ea
1623 2490 1787 2531 spectant
1818 2498 1908 2531 quae
1933 2487 2048 2522 Plato
2073 2488 2116 2522 in

411 2536 657 2570 adulescentia
683 2536 736 2571 bis
762 2540 929 2581 eaepertus
955 2539 1020 2579 est,
1053 2540 1181 2571 contra
1208 2546 1291 2569 cum
1315 2533 1533 2579 persuaderi
1551 2555 1585 2558 —
1607 2533 1853 2568 arbitraretur
1878 2534 1927 2569 ad
1951 2545 2115 2570 ‘normam

412 2595 519 2627 qnam
540 2584 778 2627 philosophus
803 2584 1026 2627 &operientia
1053 2584 1196 2618 edoctus
1217 2587 1344 2627 postea
1368 2586 1509 2617 secutus
1534 2586 1584 2616 est

2123 955 2157 980 10

2126 1309 2158 1335 15

2128 1664 2163 1689 20

2131 2019 2165 2045 25

530 2634 560 2664 1.
587 2641 695 2674 posse
721 2642 787 2665 om.
808 2631 843 2665 R
863 2632 874 2674 l}
894 2634 925 2664 2.
952 2630 1089 2675 populo
1116 2641 1159 2665 eae
1183 2629 1316 2674 poculo
1338 2630 1386 2663 M
1389 2634 1404 2651 0
1423 2631 1433 2674 ΙΙ
1454 2632 1484 2664 5.
1513 2627 1630 2663 cuiuis
1650 2628 1748 2663 bono
1768 2629 1871 2663 recta
1890 2629 1946 2672 M,
1971 2627 2116 2663 ciuibus
2145 2643 2147 2645 ¹

412 2678 505 2711 bene
536 2678 640 2711 recta
667 2677 717 2717 G,
751 2676 889 2711 ciuium
920 2676 1017 2712 bono
1043 2677 1139 2712 retia
1164 2678 1201 2712 R
1226 2679 1237 2720 ΙΙ
1271 2681 1301 2712 7.
1329 2676 1474 2722 gereret
1498 2676 1582 2718 llic,
1616 2677 1721 2721 geret
1746 2675 1826 2719 ΙΡΙῙ,
1856 2674 1969 2709 iniret
1995 2675 2046 2718 G,
2077 2674 2117 2709 in

414 2724 469 2758 ira
494 2725 530 2759 R
551 2727 560 2768 Η
582 2728 611 2758 9.
640 2723 693 2758 516
719 2725 794 2767 Mr,
822 2724 853 2758 si
873 2726 907 2758 ,Ω
927 2726 937 2769 ΙΙ
959 2728 1011 2760 10.
1040 2724 1275 2759 discesserim
1300 2725 1381 2760 MR
1407 2723 1479 2768 (dis
1505 2735 1549 2758 esc
1575 2722 1614 2757 di
1637 2723 1719 2766 131),
1745 2722 1926 2757 discerem
1953 2722 1986 2757 G
2005 2724 2017 2766 ΙΙ
2037 2733 2117 2756 6556

415 2771 534 2817 6111115]
562 2772 750 2806 essecutus
771 2772 826 2814 M,
853 2783 890 2806 es
918 2773 1065 2807 secutus
1088 2773 1159 2808 GR
1179 2775 1190 2816 ΙΙ
1211 2775 1264 2806 11.
1291 2773 1371 2806 tam
1391 2772 1446 2815 M,
1472 2771 1599 2805 tamen
1620 2770 1692 2805 GR
1711 2773 1722 2813 ΙΙ
1743 2774 1796 2804 13.
1818 2769 1863 2803 de
1884 2779 2008 2803 crasso
2023 2770 2116 2814 MR,

416 2830 538 2853 crasso
555 2819 587 2853 G
607 2821 619 2863 ss
640 2822 693 2853 17.
714 2818 934 2863 petitionem
956 2831 999 2854 ea}
1025 2831 1086 2854 -ne
1100 2820 1167 2854 ΙΙΙο
1186 2822 1197 2862 Η
1216 2823 1271 2854 22.
1292 2818 1433 2864 possim
1446 2819 1482 2853 R
1503 2820 1513 2863 ΙΙ
1533 2821 1588 2852 24.
1603 2816 1716 2852 iidem
1733 2827 1753 2854 ς
1772 2818 1783 2861 ΙΙ
1803 2815 2027 2850 defendendi
2040 2816 2114 2851 Va-

415 2865 500 2899 tinii
510 2877 594 2909 —p.
610 2870 665 2909 23,
682 2869 701 2899 3
722 2866 893 2900 mordeat
912 2867 1132 2909 adferuntur
1152 2868 1196 2902 ab
1216 2867 1356 2902 Ioanne
1382 2867 1424 2901 de
1444 2865 1680 2900 Monsterolz'o
1706 2875 1762 2908 ap.
1785 2863 1831 2898 A.
1856 2863 2033 2898 Thomam
2060 2864 2118 2898 ‘de

417 2913 446 2946 Ι.
469 2914 502 2946 (Ι.
524 2913 577 2946 M.
612 2915 686 2948 vita
714 2917 746 2948 et
771 2914 952 2957 operibus’
987 2914 1070 2948 diss.
1098 2915 1218 2949 Paris.
1248 2917 1338 2948 1883
1360 2926 1398 2958 p.
1421 2916 1506 2956 107,
1539 2924 1569 2947 v.
1592 2911 1710 2955 praef.
1736 2911 1747 2953 ΙΙ
1780 2909 2006 2944 defendendi
2033 2911 2117 2954 GR,

419 2958 566 2993 defendi
593 2961 641 2993 M
655 2963 665 3003 l}
686 2963 740 2995 25.
768 2960 896 3006 quom]
923 2971 1035 3004 quam
1060 2962 1152 3005 MG,
1179 2961 1327 3005 quando
1354 2961 1390 2995 R
1410 2963 1421 3005 ΙΙ
1440 2963 1495 2994 26.
1523 2957 1702 3002 quiddam
1726 2957 1820 3001 MR,
1846 2968 1911 2992 om.
1935 2958 1969 2992 G
1988 2959 2000 3003 ΙΙ
2017 2956 2116 3002 pari-

421 3004 512 3039 situs
534 3008 580 3039 M
601 3008 610 3050 Η
637 3011 680 3040 27
709 3019 760 3051 sq.
790 3018 910 3043 versus
937 3008 1031 3047 (Ter.
1054 3008 1153 3043 Eun.
1175 3012 1242 3042 440
1262 3011 1328 3053 sq.)
1354 3009 1396 3042 in
1416 3009 1450 3041 ,Ω
1475 3011 1657 3050 tamquam
1682 3005 1799 3039 oratio
1824 3005 1943 3039 soluta
1967 3004 2118 3049 seraptim

422 3056 476 3086 27.
499 3053 706 3088 nominabit
731 3055 783 3098 R,
816 3053 1025 3088 nominauit
1050 3055 1131 3090 MG
1157 3058 1167 3100 ΙΙ
1194 3059 1248 3090 28.
1276 3055 1307 3089 si
1339 3054 1438 3098 quod
1472 3052 1577 3087 illam
1602 3050 1797 3095 phedriam
1825 3052 1859 3086 G
1883 3052 1894 3094 ΙΙ
1920 3054 1974 3086 29.
2003 3050 2115 3085 601111-

420 3101 544 3180 ¹{zatum
570 3101 617 3134 M
639 3102 883 3144 (comesatum
909 3102 1000 3146 ills),
1033 3101 1273 3136 comissatum
1298 3103 1346 3146 R,
1373 3101 1619 3136 comessatum
1648 3099 1681 3134 G
1701 3100 1711 3143 ΙΙ
1730 3097 1962 3144 pamphilam
1987 3098 2119 3142 MGR,

438 3158 460 3180 u
485 3158 519 3191 p.
548 3158 568 3183 ς
