2242 3496
655 206 994 242 EPISTVLARVM
1019 206 1078 242 Vl.
1109 211 1161 241 11.
1191 211 1243 241 12.
1479 257 1482 260 ,
1720 206 1795 246 147

107 314 190 356 erit
219 314 429 368 perbrevi,
461 328 536 355 nec
571 314 734 368 dubito,
769 315 871 369 quin
905 316 1071 368 legente
1105 318 1146 356 te
1180 316 1255 356 has
1290 315 1455 356 litteras
1488 314 1681 355 confecta
1715 313 1798 356 iam

107 399 174 426 res
212 383 359 425 futura
397 384 472 425 sit:
518 384 656 426 Pansa
696 385 866 439 quidem
908 386 1030 440 mihi,
1075 386 1218 442 gravis
1261 386 1389 427 homo
1428 388 1472 426 et
1510 388 1670 438 certus,
1714 400 1798 426 non

107 455 247 497 solum
285 455 573 507 confirmavit,
617 471 762 497 verum
801 456 932 497 etiam
972 458 1132 512 recepit
1172 457 1446 511 perceleriter
1477 471 1521 497 se
1555 455 1799 496 ablaturum

105 525 307 580 diploma.
371 526 475 566 mihi
510 530 653 567 tamen
687 527 848 580 placuit
880 527 984 568 haec
1017 528 1068 568 ad
1102 531 1143 568 te
1177 528 1401 582 perscribi,
1441 527 1579 568 minus
1612 527 1725 567 enim
1759 531 1799 566 tc

70 596 278 638 sfirmum
328 611 469 637 sermo
516 596 751 651 Eppuleiae
803 601 901 639 tuae
952 598 1237 652 lacrimaeque
1282 598 1462 652 Ampiae
1513 598 1801 647 declarabant,

106 681 235 722 quam
267 667 516 722 significant
557 671 654 708 tuae
694 668 874 710 litterae.
936 669 1105 723 †atque
1138 670 1235 710 illae
1270 670 1610 723 arbitrabantur,
1649 683 1744 710 cum
1778 684 1802 708 a

105 741 148 779 te
180 737 382 779 abessent
414 737 545 792 ipsae,
578 738 714 779 multo
748 739 790 779 in
824 739 1021 794 graviore
1054 743 1097 780 tc
1131 755 1231 780 cura
1264 741 1455 780 futurum
1490 755 1617 794 quam
1647 753 1801 793 niagno

105 823 234 863 opere
271 807 422 863 putavi
460 808 634 863 angoris
668 812 711 849 et
743 809 904 850 doloris
937 810 1000 850 tui
1033 810 1199 851 levandi
1244 825 1372 851 causa
1403 825 1480 864 pro
1514 811 1642 851 certis
1676 810 1726 851 ad
1761 813 1801 850 te

105 894 171 932 ea,
215 893 324 934 quae
363 882 507 920 essent
546 882 680 932 certa,
722 880 941 933 perscribi.
1004 881 1086 922 scis
1125 896 1191 922 me
1231 885 1357 921 antea
1396 881 1456 922 sic
1494 881 1670 922 solitum
1709 895 1801 922 esse

56 964 89 989 10
108 949 294 992 scribere
327 949 380 991 ad
412 954 466 1003 te,
498 950 638 1005 magis
670 953 719 991 ut
752 950 997 992 consolarer
1028 951 1186 992 fortem
1220 951 1358 992 virum
1391 955 1518 1005 atque
1552 952 1802 1006 sapientem,

105 1035 235 1076 quam
266 1023 315 1062 ut
347 1020 615 1075 exploratam
648 1035 767 1075 spem
807 1021 960 1062 salutis
993 1022 1281 1076 ostenderem,
1321 1023 1405 1063 nisi
1438 1037 1548 1076 eam,
1587 1037 1716 1076 quam
1748 1022 1801 1063 ab

104 1091 200 1147 ipsa
236 1106 281 1133 re
319 1105 379 1146 p.‚
423 1105 521 1133 cum
558 1091 628 1133 hic
667 1092 794 1133 ardor
832 1092 1064 1134 restinctus
1103 1095 1233 1146 esset,
1278 1093 1439 1147 sperari
1480 1096 1677 1148 oportere
1711 1107 1802 1135 cen-

104 1177 254 1205 serem.
315 1163 540 1204 recordare
578 1165 675 1204 tuas
717 1162 904 1217 litteras,
949 1163 1105 1217 quibus
1144 1166 1187 1204 et
1225 1178 1430 1219 magnum
1468 1164 1657 1205 animum
1697 1163 1802 1204 mihi

104 1248 274 1288 semper
305 1233 535 1275 ostendisti
567 1235 611 1274 et
643 1233 695 1274 ad
728 1233 867 1275 omnis
900 1248 1024 1275 casus
1062 1234 1258 1276 ferendos
1301 1238 1571 1276 constantem
1604 1250 1652 1277 ac
1685 1250 1803 1289 para-

53 1318 87 1344 15
106 1307 218 1360 tum3
255 1304 370 1359 quod
408 1318 489 1360 ego
527 1318 615 1345 non
652 1304 860 1359 mirabar,
898 1319 995 1345 cum
1027 1305 1275 1346 recordarer
1307 1308 1348 1346 te
1382 1308 1424 1346 et
1457 1321 1481 1346 a
1513 1305 1664 1359 primis
1697 1308 1802 1346 tem-

102 1375 283 1431 poribus
315 1374 474 1417 aetatis
506 1374 551 1415 in
582 1388 628 1415 re
659 1388 699 1428 p.
733 1388 826 1415 esse
861 1376 1082 1415 versatum
1114 1377 1157 1415 et
1189 1377 1288 1415 tuos
1321 1376 1602 1430 magistratus
1634 1376 1678 1417 in
1710 1375 1804 1430 ipsa

103 1445 353 1488 discrimina
391 1444 592 1487 incidisse
636 1444 788 1486 salutis
830 1444 1187 1499 fortunarumque
1230 1446 1520 1487 communium
1560 1450 1603 1488 et
1641 1447 1685 1487 in
1722 1446 1803 1488 hoc

102 1517 245 1572 ipsum
288 1516 451 1559 bellum
495 1530 587 1558 esse
632 1516 896 1571 ingressum,
940 1530 1028 1557 non
1072 1516 1212 1558 solum
1249 1518 1298 1557 ut
1337 1517 1473 1558 victor
1517 1517 1686 1571 beatus,
1731 1517 1803 1558 sed

103 1588 236 1629 etiam
278 1590 347 1638 ut,
398 1587 435 1629 si
479 1587 542 1629 ita
592 1585 840 1641 accidisset,
890 1586 1029 1628 victus
1075 1587 1245 1642 sapiens
1290 1601 1415 1628 esses.
1487 1587 1657 1642 deinde,
1708 1602 1803 1629 cum

49 1673 84 1698 20
104 1658 295 1701 studium
332 1661 456 1700 tuum
495 1672 723 1700 consumas
761 1657 806 1699 in
837 1657 1030 1699 virorum
1066 1657 1246 1699 fortium
1283 1657 1410 1699 factis
1449 1659 1678 1700 memoriae
1711 1674 1805 1713 pro-

104 1729 266 1785 dendis,
297 1729 566 1771 considerare
593 1729 721 1770 debes
747 1728 857 1770 nihil
889 1728 971 1770 tibi
1004 1743 1096 1770 esse
1125 1729 1493 1783 committendum,
1526 1730 1804 1783 quamobrem

103 1815 272 1856 eorum,
302 1815 410 1856 quos
442 1800 612 1854 laudas,
645 1802 688 1841 te
719 1814 807 1841 non
839 1799 1111 1841 simillimum
1142 1800 1360 1854 praebeas.
1423 1800 1496 1842 sed
1527 1799 1632 1842 haec
1665 1801 1803 1842 oratio

103 1872 244 1929 magis
282 1874 398 1914 esset
436 1874 539 1926 apta
577 1871 630 1912 ad
667 1870 742 1912 illa
779 1874 993 1926 tempora,
1033 1885 1140 1926 quae
1178 1871 1265 1912 iam
1303 1871 1512 1926 effugisti:
1556 1886 1667 1913 nunc
1704 1885 1803 1913 vero

105 1945 277 1985 tantum
315 1945 360 1985 te
395 1957 502 1997 para
540 1942 592 1983 ad
629 1941 735 1984 haec
775 1941 1002 1984 nobiscum
1045 1941 1236 1996 ferenda,
1281 1942 1436 1996 quibus
1482 1956 1561 1997 ego
1601 1942 1637 1983 si
1676 1956 1804 1996 quam

50 2027 84 2053 25
103 2012 360 2056 medicinam
390 2013 646 2068 invenirem,
678 2012 760 2055 tibi
793 2026 962 2067 quoque
996 2013 1174 2054 eandem
1205 2012 1438 2068 traderem,
1470 2013 1543 2054 sed
1575 2015 1641 2054 est
1672 2027 1804 2053 unum

102 2085 350 2141 perfugium
393 2084 589 2126 doctrina
632 2098 682 2125 ac
723 2083 918 2139 litterae,
962 2084 1118 2138 quibus
1163 2098 1331 2138 semper
1374 2083 1440 2124 usi
1485 2098 1652 2137 sumus,
1697 2098 1804 2138 quae

103 2155 301 2198 secundis
339 2155 468 2197 rebus
507 2154 840 2197 delectationem
879 2154 1006 2196 modo
1044 2154 1203 2195 habere
1241 2153 1514 2208 videbantur,
1552 2168 1665 2195 nunc
1703 2168 1803 2195 vero

103 2227 234 2269 etiam
273 2226 468 2268 salutem.
537 2226 632 2281 sed,
675 2228 724 2267 ut
764 2225 816 2266 ad
853 2225 1027 2267 initium
1068 2227 1278 2279 revertar,
1323 2239 1423 2266 cave
1467 2224 1659 2279 dubites,
1701 2224 1803 2278 quin

103 2297 249 2340 omnia
279 2297 330 2339 de
363 2296 500 2339 salute
533 2311 582 2338 ac
613 2296 756 2337 reditu
788 2298 864 2337 tuo
896 2295 1089 2350 perfecta
1120 2295 1218 2336 sint.

221 2452 253 2484 3.
279 2459 410 2483 uerum
434 2448 488 2492 M,
516 2448 582 2482 sed
609 2447 681 2483 GR
700 2449 712 2493 ΙΙ
732 2447 946 2482 ablaturum
972 2447 1026 2490 M,
1055 2445 1288 2480 ablecturum
1310 2445 1381 2480 GR
1400 2447 1411 2489 11
1432 2448 1462 2480 5.
1490 2444 1734 2480 declarabant
1752 2445 1800 2489 R,

103 2496 213 2532 -bunt
237 2496 320 2532 MG
337 2497 350 2541 ΙΙ
369 2499 400 2531 6.
430 2498 460 2530 7.
489 2506 572 2529 cum
598 2506 620 2529 a
644 2496 681 2530 te
708 2496 744 2540 (a
769 2496 806 2529 te
833 2496 874 2529 in
899 2493 949 2528 M
972 2497 1122 2539 propter
1145 2494 1325 2527 maculam
1351 2494 1419 2538 Ieyz'
1446 2494 1517 2527 iam
1542 2504 1613 2527 ‘non
1636 2497 1802 2537 possum,

101 2544 162 2580 sed
193 2544 278 2589 leyit
302 2543 358 2589 P)
389 2542 564 2577 abessent
595 2542 674 2587 ipse
707 2542 766 2584 M,
803 2552 887 2576 cum
921 2541 969 2575 ad
999 2542 1036 2575 te
1070 2540 1243 2574 adessent
1273 2539 1352 2584 ipse
1387 2539 1469 2574 GR.
1514 2538 1618 2583 ipsae
1651 2550 1740 2574 corr.
1769 2550 1801 2583 ς,

102 2590 279 2636 quoniam
299 2601 370 2635 pro
396 2601 480 2625 cum
497 2590 653 2625 malebat
676 2590 787 2624 Orelli
806 2590 816 2633 ΙΙ
839 2592 867 2622 7.
895 2599 1007 2632 quam
1028 2589 1072 2631 Ω,
1101 2597 1214 2631 quare
1235 2597 1266 2629 ς,
1292 2591 1383 2621 recte
1404 2590 1494 2631 puto
1514 2588 1525 2630 ΙΙ
1547 2591 1576 2621 7.
1598 2590 1628 2620 8.
1649 2597 1800 2631 magno-

102 2649 190 2683 pere
216 2638 289 2674 GR
308 2639 320 2683 ΙΙ
338 2648 474 2683 magno
501 2647 611 2682 opere
636 2636 683 2683 <e
710 2636 776 2683 re>
803 2635 934 2680 putavi
964 2635 1182 2670 Gulielmius
1206 2635 1217 2678 ΙΙ
1246 2637 1277 2668 9.
1303 2633 1482 2678 perscribi
1508 2634 1567 2677 M,
1603 2633 1799 2677 perscripsi

105 2685 189 2730 GR,
215 2696 283 2731 quo
309 2686 447 2720 adscito
476 2684 672 2720 Graevium
697 2695 740 2718 ex
761 2687 868 2728 parte
892 2686 1033 2717 secutus
1056 2682 1163 2716 verba
1187 2682 1238 2715 sic
1262 2682 1410 2723 retinxit
1435 2680 1611 2715 Streicher
1631 2682 1684 2724 (p.
1704 2682 1800 2725 1777:

103 2734 192 2768 tuae
222 2731 372 2767 litterae
410 2733 524 2776 atque
555 2730 643 2765 illae
679 2729 974 2772 arbitrabantur,
1014 2740 1095 2762 cum
1127 2727 1175 2761 ad
1206 2729 1244 2761 te
1276 2727 1458 2761 adessent.
1503 2727 1582 2772 ipse
1615 2727 1731 2761 multo
1763 2726 1801 2760 in

104 2792 156 2825 gr.
189 2781 227 2815 te
259 2791 288 2814 c.
315 2779 384 2814 fut.
417 2779 506 2824 quia
536 2777 685 2824 putavi,
719 2776 878 2822 [magni]
913 2775 1060 2820 angoris
1083 2803 1089 2809 .
1113 2803 1118 2808 .
1142 2803 1148 2808 .
1171 2803 1177 2809 .
1200 2776 1316 2818 certa,
1349 2773 1564 2818 perscripsi,
1603 2775 1704 2809 valde
1736 2775 1800 2808 im-

99 2827 340 2872 probabiliter
357 2828 370 2872 ΙΙ
390 2830 445 2862 10.
472 2827 584 2870 atque
611 2824 817 2869 sapientem
843 2835 908 2858 mn.
930 2823 966 2857 R
985 2824 996 2866 Η
1019 2826 1070 2855 11.
1099 2821 1330 2856 ostenderem
1345 2841 1387 2845 —
1405 2825 1457 2855 17.
1480 2820 1611 2855 salutis
1631 2832 1697 2855 om.
1720 2821 1770 2856 G¹
1789 2823 1801 2882 ’,ζ

106 2877 160 2909 11.
187 2874 286 2921 eam]
313 2873 392 2908 eius
418 2874 621 2909 Lambinus
639 2873 650 2916 Η
672 2874 725 2905 13.
755 2874 807 2905 14.
835 2869 926 2904 mihi
953 2879 1096 2913 semper
1120 2868 1181 2911 M,
1208 2879 1352 2912 semper
1376 2867 1466 2901 mihi
1495 2869 1539 2911 G,
1567 2878 1710 2912 semper
1734 2867 1791 2907 R,

106 2924 161 2957 14.
199 2932 307 2956 casus
345 2932 389 2957 ex
427 2931 560 2955 causus
599 2918 677 2961 M¹‚
721 2922 761 2952 ut
798 2918 870 2952 vid.
914 2918 926 2961 11
971 2919 1024 2950 16.
1064 2915 1199 2949 aetatis
1237 2926 1303 2950 om.
1341 2915 1373 2950 G
1410 2916 1422 2959 ΙΙ
1459 2914 1690 2959 magistratis
1728 2913 1801 2957 Ml,

105 2979 196 3004 corr.
222 2969 290 3003 M<²
320 2969 332 3013 ΙΙ
363 2971 417 3002 19.
444 2966 581 3012 victus]
609 2965 729 2999 uictus
756 2965 797 2997 ut
822 2965 864 2998 Ω.
902 2964 970 2997 aliz·
990 2963 1098 3006 prius
1124 2964 1166 2996 ut
1190 2962 1307 2998 delent
1337 2964 1348 3006 ΙΙ
1379 2965 1434 2996 20.
1462 2972 1656 2996 consumas
1681 2961 1719 2996 in
1744 2961 1794 2996 M

106 3025 189 3050 cum
220 3026 365 3050 summa
395 3014 435 3049 in
466 3014 520 3057 R,
558 3024 641 3048 cum
673 3021 817 3045 summa
850 3010 882 3045 G
915 3012 926 3054 11
957 3013 1012 3044 20.
1040 3013 1095 3044 21.
1128 3008 1241 3044 factis
1278 3008 1476 3044 memon'ae
1514 3008 1713 3053 prodendis
1745 3009 1799 3053 M,

105 3061 196 3097 fatis
220 3061 400 3098 memoria
424 3060 624 3107 propendis
650 3059 697 3104 R,
724 3057 899 3092 memorie
924 3056 1035 3091 factis
1061 3056 1261 3101 propendjs
1289 3057 1321 3092 G
1346 3058 1358 3101 ΙΙ
1386 3060 1440 3092 22.
1467 3058 1505 3090 te
1530 3068 1596 3092 om.
1625 3056 1658 3092 G

1448 3209 1517 3243 10*

1831 1598 1850 1627 σι
