2242 3496
342 173 427 214 412
938 168 984 203 Μ,
1014 166 1152 200 TVLLI
1179 164 1428 201 CICERONIS

343 281 517 323 minime
551 279 836 335 aspernandus
870 290 962 317 csse
994 275 1205 327 videatur3
1240 288 1364 328 spero
1398 276 1543 314 autem
1575 274 1697 315 illum
1731 275 1923 317 ordinem
1954 290 2032 330 pro

345 353 448 393 meis
482 352 535 393 ob
570 366 654 392 rem
688 365 725 403 p.
760 346 969 400 susceptis
1002 344 1222 386 laboribus
1255 359 1321 385 me
1353 359 1439 385 non
1471 344 1696 399 indignum
1732 345 1913 401 honore,
1950 346 2033 388 usi-

343 427 433 464 tato
461 420 722 476 praesertim,
755 412 1111 458 existimaturum.
1163 415 1275 469 quod
1303 414 1339 455 si
1366 414 1429 455 ita
1455 415 1549 469 erit,
1579 417 1750 457 tantum
1776 431 1826 457 ex
1852 419 1894 458 te
1921 420 2034 473 peto,

344 494 454 547 quod
487 490 742 533 amicissime
776 488 946 539 scribis,
990 488 1056 540 ut,
1098 500 1193 526 cnm
1232 488 1307 526 tuo
1346 485 1522 540 iudicio,
1568 487 1680 540 quod
1719 486 2033 541 amplissimum

343 578 433 604 osse
461 561 693 613 arbitraris,
721 559 825 600 mihi
848 557 1063 611 tribueris,
1091 556 1126 597 si
1147 555 1201 610 id,
1229 556 1341 609 quod
1363 556 1566 606 maluero,
1593 556 1806 609 acciderit,
1829 558 2032 613 gaudeas:
2070 575 2086 602 5

342 634 400 674 sic
428 633 538 673 enim
565 631 715 672 fecisse
741 632 782 670 te
804 632 846 670 et
868 628 1051 669 sensisse
1073 630 1116 668 et
1137 627 1360 681 scripsisse
1384 626 1519 681 video,
1545 641 1697 682 resque
1723 627 1818 682 ipsa
1844 628 2033 671 declarat

343 704 417 744 tibi
453 702 572 742 illum
605 702 810 742 honorem
848 701 1043 741 nostrum
1086 697 1415 752 supplicationis
1454 698 1686 739 iucundum
1724 698 1875 753 fuisse,
1920 700 2034 754 quod

341 772 560 813 scribendo
595 771 786 825 adfuisti3
817 771 922 811 haec
957 768 1069 810 enim
1103 771 1277 810 senatus
1311 769 1509 811 consulta
1539 783 1625 810 non
1657 770 1811 825 ignoro
1845 770 1898 811 ab
1932 771 2033 812 ami-

340 843 520 885 cissimis
548 842 649 895 cius,
683 842 801 883 cuius
827 841 935 894 (de)
960 841 1122 882 honore
1151 839 1306 895 agitur,
1340 839 1471 881 scribi
1498 841 1645 882 solere.
1697 855 1789 896 ego,
1821 843 1870 882 ut
1896 856 2033 897 spero,

340 918 380 955 te
412 913 657 968 propediem
690 913 856 967 videbo,
887 914 1015 966 atque
1048 910 1216 952 utinam
1248 925 1292 951 re
1326 926 1365 966 p.
1399 911 1588 966 meliore,
1622 927 1750 966 quam
1783 911 1933 954 timeo!
2054 929 2087 955 10

1061 1064 1155 1106 vn.
1187 1063 1294 1121 (se.)

419 1161 471 1202 M.
508 1159 717 1202 oroneo
749 1157 983 1201 PRooos
1019 1158 1058 1201 s.
1093 1158 1143 1200 D.
1178 1159 1221 1201 e.
1254 1159 1573 1203 MARCELLO
1609 1159 1726 1202 cos
1760 1160 1950 1203 DEsIG.

452 1255 639 1296 Maxima
672 1270 765 1295 sum
798 1255 966 1296 laetitia
999 1254 1205 1309 adfectus,
1239 1270 1334 1296 cum
1369 1255 1509 1296 audivi
1544 1255 1764 1296 consulem
1796 1257 1838 1297 te
1870 1255 2034 1297 factum

337 1342 439 1381 csse,
472 1341 651 1380 eumque
683 1325 890 1367 honorem
923 1325 1005 1366 tibi
1039 1327 1139 1367 deos
1173 1326 1394 1368 fortunare
1428 1326 1526 1368 volo
1561 1329 1689 1380 atque
1723 1342 1748 1367 a
1772 1329 1815 1367 te
1848 1341 1925 1381 pro
1959 1329 2034 1367 tua

336 1397 605 1451 parentisque
645 1397 707 1438 tui
741 1397 952 1452 dignitate
996 1396 1308 1451 administrari3
1347 1412 1447 1439 nam
1480 1412 1576 1439 cum
1609 1399 1651 1438 te
1691 1412 1860 1452 semper
1893 1396 2033 1439 amavi
2057 1414 2086 1439 15

334 1468 557 1522 dilexique,
590 1470 683 1508 tum
716 1468 799 1509 mei
834 1469 1180 1510 amantissimum
1214 1469 1396 1524 cognovi
1422 1469 1467 1509 in
1500 1468 1616 1510 omni
1649 1467 1857 1510 varietate
1889 1483 2032 1509 rerum

333 1554 540 1593 mearum,
585 1542 675 1580 tum
709 1538 845 1592 patris
878 1539 943 1579 tui
986 1538 1183 1593 pluribus
1221 1539 1441 1580 beneficiis
1473 1540 1550 1580 vel·
1586 1539 1783 1581 defensus
1829 1538 2032 1580 tristibus

334 1610 599 1664 temporibus
625 1609 692 1650 vel
727 1612 904 1650 ornatus
937 1609 1134 1650 secundis
1167 1612 1210 1650 et
1243 1624 1338 1651 sum
1371 1613 1489 1651 totus
1524 1613 1665 1652 vester
1691 1613 1734 1651 et
1761 1625 1852 1651 esse
1885 1610 2033 1665 debeo,

333 1696 428 1721 cum
464 1680 717 1735 praesertim
756 1680 908 1721 matris
948 1683 1066 1733 tuae7
1111 1680 1392 1735 gravissimae
1426 1684 1554 1735 atque
1601 1681 1791 1736 optimae
1835 1680 2033 1735 feminae,

334 1751 495 1793 maiora
538 1765 640 1806 erga
678 1752 861 1793 salutem
906 1751 1248 1807 dignitatemque
1294 1767 1433 1794 meam
1474 1753 1634 1807 studia,
1680 1766 1808 1806 quam
1847 1754 1969 1793 erant
2008 1767 2086 1795 a20

333 1822 508 1863 muliere
542 1822 811 1876 postulanda,
842 1822 1149 1876 perspexerim.
1201 1827 1463 1877 quapropter
1495 1839 1519 1864 a
1552 1826 1593 1865 te
1619 1826 1721 1878 peto
1749 1823 1794 1864 in
1824 1822 2032 1864 maiorem

334 1894 517 1947 modum,
550 1896 598 1934 ut
631 1908 696 1934 me
730 1894 953 1934 absentem
986 1893 1142 1948 diligas
1177 1896 1305 1948 atque
1338 1894 1552 1936 defendas.

1045 2047 1167 2088 vin.
1201 2046 1307 2104 (90.)
2230 2046 2242 2110 j

426 2141 480 2182 M.
514 2141 722 2183 cronno
755 2141 991 2184 PRocos.
1026 2141 1066 2184 s.
1099 2141 1151 2183 D.
1185 2140 1228 2184 o.
1264 2141 1582 2185 MARCELLO
1618 2141 1942 2184 COLLEGAE.

429 2236 700 2296 ‘Marcellum
739 2240 862 2278 tuum
901 2252 986 2279 cos,
1026 2238 1191 2280 factum
1230 2241 1356 2293 teque
1389 2253 1438 2280 ea
1475 2238 1644 2280 laetitia
1678 2237 1894 2279 adfectum
1927 2251 2032 2293 esse,
2052 2254 2085 2280 25

334 2322 460 2361 quam
502 2308 684 2348 maxime
730 2308 909 2363 optasti,
954 2309 1197 2350 mirandum
1235 2308 1280 2350 in
1319 2310 1494 2351 modum
1533 2310 1717 2365 gaudeo,
1761 2308 1888 2364 idque
1934 2324 2031 2351 cum

334 2378 467 2431 ipsius
495 2393 634 2432 causa,
665 2381 757 2419 tum
785 2380 896 2433 quod
925 2382 966 2421 te
994 2380 1194 2422 omnibus
1223 2380 1545 2422 secundissimis
1573 2381 1701 2421 rebus
1729 2379 2031 2436 dignissimum

334 2447 484 2503 iudico,
518 2448 638 2490 cuius
672 2464 773 2505 erga
807 2465 871 2491 me
906 2451 1171 2506 singularem
1203 2452 1550 2493 benevolentiam
1582 2451 1650 2493 vel
1676 2451 1721 2492 in
1753 2451 1901 2493 labore
1934 2466 2030 2492 meo

334 2519 397 2559 vel
431 2519 475 2560 in
506 2519 667 2561 honore
700 2520 915 2575 perspexi,
948 2524 1088 2563 totam
1120 2523 1302 2577 denique
1336 2524 1509 2564 domum
1547 2525 1735 2564 vestram
1774 2522 1840 2564 vel
1879 2521 2031 2563 salutis

336 2590 399 2629 vel
432 2589 657 2645 dignitatis
686 2606 803 2632 meae
832 2592 1198 2635 studiosissimam
1225 2594 1633 2649 cupidissimamque
1660 2593 1855 2649 cognovi.
1900 2607 2030 2648 quare
2050 2610 2085 2635 30

336 2662 505 2710 gratum
530 2660 635 2701 mihi
663 2661 826 2716 feceris,
853 2663 889 2704 si
915 2664 1035 2705 uxori
1064 2666 1162 2706 tuae
1190 2664 1350 2719 Iuniae,
1377 2664 1658 2720 gravissimae
1686 2667 1815 2718 atque
1843 2663 2031 2718 optimae
2226 2662 2242 2725 ‚⁷4

451 2792 480 2822 6.
510 2787 562 2822 sic
588 2789 681 2832 MD,
710 2791 746 2823 et
772 2789 823 2824 sic
850 2790 960 2835 FHM
981 2795 1011 2826 9.
1041 2791 1143 2838 (de)
1170 2793 1309 2827 honore
1337 2804 1368 2836 ς,
1395 2793 1533 2828 honore
1559 2793 1644 2837 ²111«ss
1670 2793 1788 2827 honor
1815 2792 2032 2827 Gulielmius

334 2838 364 2867 ct
391 2835 518 2886 Baiter
543 2836 553 2879 Η
580 2846 647 2879 ego
676 2837 773 2880 MD,
801 2839 837 2871 et
863 2848 931 2882 ego
961 2839 1007 2881 F,
1033 2841 1077 2882 >
1099 2841 1121 2883 (:
1144 2841 1193 2884 et)
1220 2851 1288 2884 ego
1316 2841 1386 2885 ΗΙΙ
1407 2844 1461 2876 10.
1488 2851 1526 2875 re
1552 2853 1587 2885 p.
1614 2839 1805 2874 meliorem
1831 2839 1889 2878 M,
1917 2837 1970 2872 rei
1994 2850 2029 2882 p.

333 2881 520 2915 meliorem
540 2882 622 2916 FH
626 2884 660 2917 D
679 2885 689 2926 ΙΙ
711 2888 764 2918 12.
790 2885 883 2919 ham:
908 2887 1100 2929 epistulam.
1126 2889 1166 2921 -ιή
1186 2889 1368 2922 codicibus
1382 2889 1568 2932 praecedit
1586 2899 1686 2922 'nona
1704 2888 1715 2931 ΙΙ
1736 2886 1772 2921 C.
1794 2897 1825 2928 ς,
1852 2885 1899 2919 Μ.
1925 2885 2002 2919 ΨΒ
2020 2886 2030 2928 *l

339 2931 388 2961 13.
415 2930 451 2961 et
477 2928 638 2964 maxima
666 2931 704 2964 F
730 2933 741 2975 Η
768 2935 821 2966 15.
848 2935 893 2975 >
913 2943 1000 2966 nam
1027 2933 1077 2976 H,
1105 2935 1142 2967 et
1167 2946 1254 2968 nam
1284 2935 1323 2969 F
1351 2936 1362 2979 Η
1394 2947 1477 2969 cum
1503 2945 1648 2979 semper
1678 2938 1715 2976 te
1741 2935 1833 2977 (emp.
1860 2944 1904 2967 m.
1932 2933 1966 2976 ⁶3)
1992 2932 2029 2966 te

335 2974 457 3025 amani
484 2975 525 3008 H
541 2978 550 3017 ΙΙ
572 2980 625 3011 16.
652 2978 731 3011 tum
756 2977 844 3023 mei]
873 2989 955 3012 cum
981 2979 1054 3013 mei
1081 2992 1101 3017 ς
1122 2983 1132 3025 Η
1153 2981 1312 3025 cognomi
1339 2982 1390 3025 M,
1417 2983 1454 3016 te
1482 2980 1640 3026 cognoui
1666 2980 1784 3015 FHD
1803 2981 1814 3024 ῙΙ
1835 2983 1889 3014 17.
1915 2978 2029 3024 pluri-

334 3032 401 3053 nns
428 3021 461 3055 b.
490 3022 526 3073 D
545 3024 556 3065 ΙΙ
578 3027 629 3057 18.
659 3026 809 3058 ornatus
836 3033 902 3060 om.
926 3026 965 3059 F
979 3028 989 3069 ΙΙ
1009 3029 1131 3061 uester
1159 3029 1211 3070 M,
1240 3030 1283 3062 ut
1303 3029 1423 3063 FHD
1443 3031 1453 3074 ΙΙ
1477 3033 1528 3064 19,
1556 3027 1788 3072 grauissime,
1815 3025 1853 3059 ui
1879 3027 1920 3060 m
1945 3038 2029 3069 ras,

336 3067 384 3109 H,
406 3069 639 3111 gratissimae
662 3071 699 3104 F
716 3073 727 3115 11
747 3076 801 3106 20.
823 3083 906 3106 mea
929 3073 968 3107 F
984 3074 995 3116 ΙΙ
1014 3078 1068 3107 21.
1091 3074 1128 3108 in
1150 3076 1244 3118 MD,
1268 3077 1307 3109 nt
1329 3076 1411 3111 FH
1426 3078 1437 3120 ss
1457 3080 1512 3110 30.
1534 3074 1713 3119 dignitati
1732 3074 1781 3108 M
1795 3075 1806 3118 Η
1826 3076 1879 3108 31.
1902 3072 2029 3109 Iuniae

335 3114 400 3148 del.
427 3114 604 3160 Phrysyers
631 3118 816 3161 (Mnemos.
847 3119 868 3153 I.
897 3123 997 3154 1873.
1020 3133 1058 3164 Ι).
1087 3124 1145 3166 63)
1166 3124 1176 3165 ΙΙ
1196 3122 1433 3166 gratissimae
1459 3122 1544 3157 FH
2226 3121 2242 3133 ⁶
