2242 3496
82 972 115 997 10

81 1423 114 1447 15

83 2131 118 2156 25

82 2486 118 2511 30

698 213 1034 249 EPISTVLARVM
1062 214 1101 250 X.
1131 219 1184 250 3⁶2.
1212 218 1266 250 33,
1747 213 1831 254 275

135 322 285 376 fuisse,
324 322 378 376 si,
415 322 526 376 quod
562 322 767 377 iussistis,
800 323 896 364 foci:
941 340 1037 365 nam
1071 327 1113 365 ct
1146 322 1410 378 provinciam
1445 323 1490 364 in
1521 323 1611 364 otio
1645 326 1688 364 ct
1719 339 1832 364 exer-

136 393 268 434 citum
307 393 352 434 in
390 407 484 433 mea
529 396 743 446 potestate
789 394 928 445 tenui,
972 394 1129 435 finibus
1168 409 1286 435 meae
1332 394 1576 448 provinciae
1621 408 1830 448 nusquam

136 464 317 518 excessi,
351 464 531 504 militem
566 479 649 505 non
683 464 807 505 modo
840 464 1138 518 legionarium,
1170 466 1241 506 sed
1276 480 1326 506 ne
1360 465 1633 506 auxiliarium
1661 465 1831 520 quidem

135 534 272 575 ullum
311 549 526 589 quoquam
567 535 664 575 misi
704 538 763 589 ct,
809 536 843 576 si
884 551 990 591 quos
1033 535 1198 590 equites
1243 536 1483 577 decedentis
1529 539 1681 578 nactus
1726 552 1833 589 sum,

136 605 349 659 supplicio
383 605 536 646 adfeci:
577 620 756 660 quarum
790 621 931 647 rerum
970 606 1158 647 fructum
1192 607 1298 648 satis
1331 622 1534 663 magnum
1569 622 1612 649 re
1645 623 1683 662 p.
1716 608 1834 649 salva

135 675 287 716 tulisse
327 690 393 717 me
433 676 613 731 putabo,
653 677 743 730 sed,
782 691 848 718 res
881 692 920 731 p.
953 677 988 718 si
1022 691 1088 717 mc
1122 678 1227 718 satis
1265 678 1458 720 novisset
1490 681 1533 719 ct
1566 678 1703 720 maior
1734 694 1833 733 pars

136 749 328 795 senatus,
369 746 551 788 maiores
590 762 639 788 ex
680 762 744 788 mc
785 747 950 789 fructus
991 748 1174 789 tulisset.
1238 749 1484 804 epistolam,
1522 764 1650 803 quam
1683 749 1833 804 Balbo,

135 831 231 859 cum
275 817 407 859 etiam
452 832 564 859 nunc
602 818 646 858 in
685 818 907 872 provincia
945 822 1075 872 esset,
1121 819 1292 873 scripsi,
1337 820 1559 875 legendam
1600 821 1680 862 tibi
1719 821 1834 876 misi,

134 888 265 930 etiam
303 891 591 943 praetextam,
633 888 669 930 si
707 888 824 930 voles
863 889 1022 944 legere,
1064 888 1235 931 Gallum
1275 889 1540 946 Cornelium,
1579 892 1834 934 familiarem

134 974 290 1015 meum,
321 959 504 1014 poscito.
567 971 611 1000 v]
644 958 745 1001 Idus
778 959 869 1001 Iun.
903 959 1113 1002 Corduba.

792 1089 994 1132 XXXIII.
1041 1089 1178 1147 (409.)

647 1183 854 1226 POLLIO
888 1183 1167 1227 CICERONI
1202 1184 1241 1228 s.
1275 1186 1320 1229 P.

253 1267 293 1310 S.
320 1283 357 1309 v.
383 1267 423 1308 b.
451 1281 485 1308 e.
512 1281 545 1308 e.
573 1281 610 1321 q.
637 1282 673 1308 v.
726 1282 808 1322 quo
849 1268 1014 1309 tardius
1054 1269 1212 1310 certior
1248 1269 1395 1311 fierem
1428 1270 1478 1312 de
1510 1272 1688 1326 proeliis
1721 1275 1832 1329 apud

133 1338 349 1380 Mutinam
387 1338 535 1393 factis,
573 1337 760 1392 Lepidus
800 1338 958 1394 effecit,
1001 1340 1072 1394 qui
1112 1338 1229 1381 m‘eos
1262 1341 1514 1384 tabellarios
1552 1358 1707 1386 novem
1746 1345 1836 1387 dies

134 1410 333 1464 retinuit,
366 1409 542 1451 tametsi
574 1412 741 1450 tantam
775 1410 1068 1451 calamitatem
1095 1411 1155 1452 rei
1181 1426 1220 1465 p.
1249 1426 1378 1466 quam
1411 1413 1657 1457 tardissime
1691 1416 1836 1457 audire

134 1481 372 1535 optandum
400 1479 510 1535 est[‚
543 1479 634 1535 sed]
668 1480 767 1534 illis,
800 1481 873 1535 qui
906 1481 1108 1535 prodesse
1141 1482 1249 1522 nihil
1281 1487 1465 1536 possunt
1495 1500 1632 1541 neque
1665 1487 1836 1529 mederi.

134 1554 264 1606 atque
307 1551 476 1592 utinam
521 1551 670 1593 eodem
710 1567 740 1592 s.
775 1567 827 1606 c.,
872 1567 955 1607 quo
996 1552 1204 1594 Plancum
1249 1556 1291 1594 et
1329 1553 1538 1609 Lepidum
1580 1557 1625 1598 in
1662 1556 1837 1600 Italiam

135 1622 397 1677 arcessistis,
441 1636 507 1663 me
547 1637 716 1677 quoque
758 1622 996 1664 iussissetis
1035 1623 1197 1665 venire!
1241 1624 1438 1678 profecto
1476 1641 1563 1669 non
1602 1629 1838 1684 accepisset

135 1708 203 1735 res
235 1709 274 1748 p.
306 1693 389 1735 hoc
415 1693 587 1734 vulnus:
622 1707 706 1747 quo
739 1692 775 1734 si
808 1694 879 1748 qui
912 1693 1130 1735 laetantur
1155 1694 1200 1735 in
1225 1696 1481 1751 praesentia,
1514 1698 1615 1752 quia
1639 1699 1838 1743 videntur

83 1778 98 1801 2
138 1766 181 1804 et
218 1764 347 1806 duces
386 1766 429 1805 et
465 1764 658 1805 veterani
697 1762 894 1806 Caesaris
932 1764 1124 1819 partium
1164 1765 1383 1821 interisse,
1424 1769 1570 1809 tamen
1606 1772 1837 1824 postmodo

135 1837 353 1876 necessest
385 1834 571 1889 doleant,
604 1849 701 1876 cum
727 1834 980 1877 vastitatem
1012 1835 1164 1878 Italiae
1196 1837 1480 1894 respexerint,
1511 1854 1612 1880 nam
1639 1843 1681 1882 et
1707 1842 1839 1883 robur

136 1906 181 1946 et
218 1904 391 1946 suboles
431 1905 620 1947 militum
658 1905 842 1960 interiit,
886 1906 923 1947 si
962 1906 1152 1962 quidem,
1199 1921 1307 1962 quae
1344 1909 1618 1966 nuntiantur,
1661 1912 1751 1953 ulla
1788 1928 1839 1955 ex

135 1978 259 2030 parte
291 1990 390 2018 vera
417 1980 528 2018 sunt.
578 1991 716 2031 neque
743 1991 824 2033 ego
851 1991 938 2018 non
969 1977 1179 2032 videbam,
1212 1981 1373 2033 quanto
1406 1981 1502 2021 usui
1535 1981 1597 2023 rei
1627 1997 1668 2036 p.
1701 1998 1836 2025 essem

135 2046 327 2102 futurus,
365 2047 402 2089 si
440 2047 492 2088 ad
524 2046 736 2102 Lepidum
774 2047 1005 2103 venissem,
1044 2063 1214 2090 omnem
1248 2049 1363 2090 enim
1396 2051 1715 2094 cunctationem
1748 2054 1838 2096 eius

138 2117 448 2173 discussissem,
479 2119 737 2172 praesertim
769 2119 964 2160 adiutore
990 2118 1169 2174 Planco3
1202 2120 1275 2161 sed
1308 2121 1515 2163 scribenti
1548 2123 1599 2164 ad
1632 2138 1699 2165 me
1733 2124 1839 2166 eius-

137 2189 253 2230 modi
290 2189 480 2244 litteras,
523 2204 628 2244 quas
666 2190 803 2245 leges,
841 2192 884 2230 et
922 2189 1196 2231 contionibus
1234 2191 1450 2247 videlicet,
1489 2207 1595 2247 quas
1633 2193 1838 2238 Narbone

143 2258 349 2302 habuisse
377 2259 547 2311 dicitur,
580 2260 746 2315 similis,
777 2260 978 2315 palparer
1000 2275 1174 2302 necesse
1201 2265 1306 2317 erat,
1333 2262 1369 2304 si
1394 2263 1548 2305 vellem
1575 2269 1839 2308 commeatus

137 2344 215 2384 per
246 2330 513 2385 provinciam
547 2331 638 2373 eius
669 2331 754 2373 iter
784 2330 946 2373 faciens
978 2331 1150 2374 habere.
1210 2336 1433 2388 praeterea
1464 2336 1659 2392 verebar,
1697 2352 1768 2392 ne,
1802 2337 1839 2379 si

138 2403 237 2442 ante
269 2416 399 2456 quam
430 2416 511 2458 ego
544 2403 715 2457 incepta
745 2402 1006 2458 perficerem,
1037 2404 1252 2458 proelium
1285 2405 1529 2448 confectum
1561 2410 1687 2462 esset,
1717 2408 1839 2463 pium

137 2471 367 2514 consilium
404 2487 547 2514 meum
586 2475 786 2527 raperent
816 2472 862 2514 in
894 2473 1156 2516 contrariam
1193 2477 1361 2530 partem
1401 2480 1714 2531 optrectatores
1754 2479 1838 2521 mei

257 2603 287 2634 1.
320 2599 453 2642 fuisse,
500 2600 611 2644 sicut,
656 2600 756 2644 quod
794 2611 868 2635 non
905 2600 1087 2646 iussistis,
1127 2602 1199 2638 feci
1230 2604 1262 2639 I.
1296 2603 1336 2640 F.
1365 2604 1587 2649 Gronovius,
1626 2607 1809 2643 inutiliter
1827 2607 1838 2654 j!

138 2650 169 2682 3.
197 2646 352 2681 discessi
379 2648 419 2682 H
444 2650 455 2691 ΙΙ
481 2651 511 2681 4.
541 2647 774 2682 discedentes
804 2648 915 2683 Orelli
945 2649 957 2692 11
987 2652 1016 2683 7.
1043 2648 1194 2684 maioris
1220 2651 1281 2685 M¹
1305 2653 1317 2695 ΙΙ
1342 2655 1373 2687 8.
1400 2652 1595 2696 prouincia
1619 2665 1663 2688 er
1687 2653 1837 2699 prouin-

137 2694 236 2729 ciam
261 2695 328 2729 2ch
353 2697 364 2739 ΙΙ
391 2698 444 2729 10.
473 2693 596 2728 iunius
623 2695 669 2728 M
694 2696 705 2738 ΙΙ
737 2698 789 2729 14.
816 2694 926 2729 factis
952 2707 997 2730 ea:
1022 2696 1142 2731 factus
1168 2699 1328 2733 radendo
1354 2699 1402 2733 M
1423 2700 1548 2744 (factis
1575 2701 1627 2744 P)
1653 2702 1664 2745 ΙΙ
1692 2704 1746 2736 15.
1774 2712 1836 2747 op-

136 2741 252 2776 tinuit
266 2741 305 2776 Η
324 2744 336 2784 ΙΙ
357 2745 409 2776 15.
429 2745 483 2776 16.
504 2741 709 2786 optandum
730 2743 787 2776 est
807 2741 935 2776 audire
951 2742 994 2776 H
1009 2744 1020 2787 ΙΙ
1042 2747 1096 2778 16.
1118 2744 1183 2778 sed
1201 2747 1326 2780 notavi
1345 2757 1424 2780 cam
1445 2747 1494 2782 H.
1511 2748 1557 2782 A.
1574 2748 1713 2783 Koehio
1734 2750 1836 2793 (mus.

137 2789 253 2824 Rhen.
274 2788 342 2823 XII
362 2800 400 2834 p.
422 2792 490 2823 270
516 2794 548 2824 et
576 2790 681 2824 ‘coni
708 2789 816 2824 Tull?
842 2801 878 2833 p.
901 2791 959 2833 33)
980 2791 991 2834 ΙΙ
1010 2792 1144 2836 neque]
1171 2801 1315 2835 nequeo
1339 2795 1378 2826 Ψ
1394 2795 1405 2837 Η
1427 2797 1480 2828 19.
1501 2793 1555 2828 rei
1574 2795 1623 2829 Μ
1643 2797 1714 2840 (res
1729 2796 1808 2842 Mr)
1827 2797 1839 2843 ΕΙ

137 2835 326 2881 presentia
345 2848 389 2871 ex
403 2836 551 2881 prentia
566 2836 613 2870 M
617 2841 631 2858 ⁰
650 2838 661 2881 ΙΙ
682 2839 736 2870 20.
758 2837 796 2870 et
815 2836 926 2871 duces
942 2837 990 2881 D,
1010 2839 1052 2871 ut
1072 2837 1183 2872 duces
1198 2839 1289 2873 ΜΗ
1304 2841 1315 2884 ΙΙ
1335 2839 1503 2875 Caesaris
1519 2841 1698 2888 partium]
1719 2838 1838 2878 eodem

137 2884 241 2918 modo
268 2883 340 2919 Oic.
367 2885 416 2919 acl
442 2884 551 2918 Brut.
579 2883 623 2926 Π,
644 2887 676 2926 4,
698 2886 718 2916 5
744 2885 790 2927 (6,
812 2884 863 2928 2):
902 2885 968 2918 ‘ne
995 2884 1110 2918 animi
1141 2885 1306 2930 partium
1332 2886 1566 2924 Caesaris...
1599 2889 1838 2926 vehementer

138 2931 485 2974 commoverentur’,
517 2933 563 2973 cs.
590 2932 699 2965 etiam
724 2930 889 2975 Philipp.
915 2929 959 2974 V,
990 2935 1043 2975 12,
1065 2936 1120 2967 32.
1159 2934 1293 2969 scilicet
1319 2933 1625 2970 caesarianorum
1650 2948 1737 2982 voe„
1768 2949 1837 2984 qao

137 2978 257 3012 utitur
276 2983 494 3023 personatus
514 2978 632 3013 Pollio
653 2979 698 3022 (b.
720 2977 826 3012 Alex.
849 2981 904 3021 59,
927 2982 944 3011 1
965 2980 1178 3024 saepiusque
1196 2981 1237 3015 in
1256 2981 1287 3016 b.
1307 2983 1405 3025 Asin,
1429 2994 1459 3017 v.
1488 2983 1538 3018 W
1535 2984 1659 3028 o‘lfflin
1677 2986 1727 3019 acl
1741 2988 1772 3030 7,
1788 2987 1835 3030 5),

139 3035 162 3058 a
185 3035 266 3060 vero
292 3026 456 3061 Pollione
487 3036 566 3061 now
592 3026 712 3060 minus
746 3036 854 3068 qaam
886 3037 909 3059 a
944 3024 1109 3062 Cicerone
1143 3031 1176 3062 et
1209 3027 1360 3063 Caesare
1395 3030 1557 3065 alienam
1593 3033 1604 3075 ΙΙ
1639 3032 1836 3076 postmodo

140 3070 262 3115 M¹D‚
294 3073 530 3117 postmodum
557 3072 701 3116 111οΗ11
727 3076 780 3106 ⁶21.
808 3074 996 3107 necessest
1021 3073 1093 3118 M¹‚
1119 3085 1269 3110 necesse
1296 3076 1352 3110 est
1378 3076 1637 3122 McHD1125.
1665 3078 1836 3115 adiutore

140 3129 185 3153 επ
209 3117 397 3154 adiutores
424 3121 472 3154 M
476 3120 495 3164 ¹,
522 3124 562 3154 ut
588 3121 659 3155 vicl.
692 3121 703 3164 Η
735 3123 789 3154 26.
817 3120 854 3153 et
879 3120 945 3155 del.
973 3121 1058 3164 alii,
1084 3122 1167 3164 fort.
1194 3127 1284 3158 recte
1315 3124 1327 3167 ΙΙ
1359 3127 1414 3159 27.
1440 3123 1616 3169 palparer
1642 3126 1836 3172 Victorius,

139 3164 326 3213 palmarer
351 3167 405 3211 M,
430 3166 559 3212 palma
583 3178 705 3202 rerum
732 3166 822 3202 HI).
860 3168 906 3210 ef.
934 3167 1096 3203 ,S'clmmlz
1121 3169 1184 3204 As.
1213 3170 1274 3204 12.‘2
1295 3182 1332 3214 p.
1354 3173 1396 3204 41

1482 3231 1552 3266 18*

1866 1996 1884 2026 N)
