2242 3496
398 569 412 599 1

396 991 415 1020 [Ο

435 194 460 234 6
1038 188 1087 223 M.
1113 187 1255 221 TVLLI
1280 185 1530 221 CICERONIS

1168 340 1244 383 va.
1288 339 1397 398 (27.)

698 450 782 503 <M
815 446 1026 490 CICERO
1062 446 1104 489 s.
1135 446 1187 488 D.
1220 447 1266 488 P.
1298 446 1573 489 LENTVLO
1605 446 1870 501 PRocos>

552 556 740 599 Tametsi
768 554 873 595 mihi
898 553 1006 594 nihil
1038 553 1123 594 fuit
1150 553 1360 608 optatius,
1395 567 1524 607 quam
1557 556 1606 594 ut
1631 554 1818 607 primum
1851 554 1926 595 abs
1960 557 2002 596 te
2029 555 2136 609 ipsQ

436 630 584 670 deinde
611 643 635 668 a
662 625 815 668 ceteris
843 624 1042 666 omnibus
1070 639 1198 679 quam
1223 623 1500 679 gratissimus
1528 638 1631 679 erga
1655 626 1699 665 te
1725 638 1818 666 esse
1845 638 2138 680 cognoscerer,

437 704 581 740 tamen
615 696 790 738 adficior
817 710 985 736 summo
1018 695 1165 736 dolore
1192 695 1399 736 eiusmodi
1434 697 1630 749 tempora
1655 697 1756 749 post
1787 698 1907 736 tuam
1938 695 2138 750 profecti·
2175 710 2192 735 5

439 784 562 811 onem
596 769 828 809 consecuta
866 780 975 820 esse,
1012 768 1062 807 ut
1102 769 1145 807 et
1183 780 1322 807 meam
1355 768 1398 807 et
1436 767 1677 807 ceterorum
1717 780 1820 821 erga
1858 768 1900 807 te
1938 766 2066 807 fidem
2098 769 2141 807 et

439 838 784 880 benevolentiam
811 837 966 879 absens
1000 837 1260 893 experirer-e:
1292 839 1334 878 te
1366 836 1509 878 videre
1544 839 1587 878 et
1621 836 1779 878 sentire
1806 837 1983 878 eandem
2013 837 2141 878 fidem

440 925 530 951 esse
562 909 789 950 hominum
820 908 865 949 in
897 910 972 948 tua
1010 907 1241 962 dignitate,
1281 922 1410 961 quam
1449 921 1529 962 ego
1562 908 1607 949 in
1644 923 1740 950 mea
1778 908 1915 949 salute
1949 922 2044 949 sum
2076 922 2143 949 ex-

437 982 604 1034 pertus,
644 994 694 1020 ex
726 979 813 1020 tuis
845 979 1006 1020 litteris
1044 977 1249 1019 intellexi.
1309 992 1389 1019 nos
1423 993 1520 1019 cum
1554 978 1739 1020 maxime
1773 978 1953 1020 consilio
1986 978 2142 1033 studio,

436 1051 583 1091 labore
623 1050 766 1105 gratia
794 1050 853 1091 de
893 1064 1023 1091 causa
1061 1049 1182 1104 regia
1212 1049 1469 1103 niteremur,
1508 1049 1651 1090 subito
1691 1052 1840 1090 exorta
1877 1051 1944 1090 est
1980 1048 2197 1090 nefariam

437 1120 615 1162 Catonis
659 1121 975 1176 promulgatio,
1021 1135 1127 1174 quae
1169 1123 1320 1161 nostra
1365 1119 1508 1161 studia
1552 1119 1781 1174 impediret
1822 1122 1866 1160 et
1910 1119 2077 1161 animos
2119 1134 2144 1160 a

380 1216 384 1219 «
438 1192 602 1233 minore
636 1207 737 1233 cura
770 1192 822 1233 ad
862 1206 1077 1232 summum
1109 1191 1311 1232 timorem
1349 1191 1612 1245 traduceret,
1651 1191 1725 1232 sed
1757 1194 1920 1244 tamen,
1956 1189 2003 1231 in
2034 1189 2144 1231 eius-

437 1262 611 1316 <modi>
637 1263 966 1316 perturbatione
992 1277 1135 1303 rerum
1163 1276 1423 1316 quamquam
1457 1261 1601 1303 omnia
1628 1264 1728 1303 sunt
1755 1260 2002 1316 metuenda,
2034 1260 2144 1302 nihil

438 1333 575 1388 magis
611 1348 738 1387 quam
779 1333 1004 1388 perfidiam
1043 1332 1267 1386 timemus,
1306 1335 1350 1373 et
1381 1332 1537 1374 Catoni
1577 1332 1768 1387 quidem,
1807 1346 1978 1386 quoquo
2016 1331 2144 1373 modo

441 1419 484 1444 se
511 1418 578 1444 res
604 1404 753 1457 habet,
784 1403 978 1458 profecto
1006 1403 1262 1444 resistimus.
1319 1403 1368 1444 de
1395 1399 1687 1444 Alexandrina
1712 1417 1757 1443 re
1784 1417 1997 1456 causaque
2024 1402 2146 1457 regia
2166 1420 2199 1445 15

439 1477 610 1516 tantum
640 1475 780 1516 habeo
806 1474 1015 1529 polliceri,
1047 1489 1114 1515 me
1146 1474 1230 1515 tibi
1263 1473 1432 1515 absenti
1464 1473 1636 1527 tuisque
1662 1473 1964 1528 praesentibus
1997 1487 2144 1514 cumu-

439 1546 523 1586 late
557 1545 662 1587 satis
696 1545 930 1599 facturum,
970 1545 1042 1586 sed
1074 1560 1242 1599 vereor,
1278 1559 1330 1586 ne
1365 1547 1440 1586 aut
1472 1544 1681 1598 eripiatur
1713 1558 1842 1585 causa
1866 1543 1988 1599 regia
2017 1543 2144 1585 nobis

440 1619 514 1657 aut
540 1616 772 1671 deseratur,
806 1631 989 1670 quorum
1014 1619 1161 1657 utrum
1187 1615 1329 1657 minus
1356 1615 1502 1670 velim,
1534 1630 1622 1656 non
1648 1615 1774 1656 facile
1799 1628 1978 1669 possum
2004 1613 2148 1655 existi-

440 1701 576 1742 mare,
615 1687 706 1741 sed,
739 1687 775 1728 si
808 1702 874 1728 res
909 1689 1053 1742 coget,
1092 1689 1157 1728 est
1197 1686 1398 1740 quiddam
1430 1686 1627 1741 tertium,
1666 1685 1781 1740 quod
1817 1700 1955 1741 neque
1989 1684 2147 1727 Selicio

442 1772 520 1798 nec
552 1758 660 1798 mihi
687 1757 954 1812 displicebat,
987 1758 1017 1812 ἢ·
1049 1760 1098 1799 ut
1129 1772 1267 1811 neque
1293 1757 1430 1798 iacere
1463 1771 1611 1812 regem
1636 1759 1883 1811 pateremur
1913 1771 1991 1798 nec
2021 1756 2147 1798 nobis
2167 1774 2202 1798 20

442 1827 785 1882 repugnantibus
819 1829 871 1869 ad
904 1843 1001 1870 eum
1034 1828 1209 1882 deferri,
1248 1828 1300 1869 ad
1334 1842 1461 1882 quem
1492 1842 1626 1882 prope
1657 1827 1744 1869 iam
1776 1827 1968 1868 delatum
2000 1827 2147 1868 existi-

444 1901 597 1940 matur.
662 1914 686 1940 a
716 1900 842 1941 nobis
882 1902 1065 1954 agentur
1103 1899 1248 1940 omnia
1286 1898 1534 1954 diligenter,
1572 1901 1621 1940 ut
1652 1912 1807 1953 neque,
1840 1898 1876 1939 si
1908 1898 2010 1953 quid
2042 1898 2149 1952 opti-

443 1970 535 2010 neri
561 1970 735 2025 poterit,
761 1985 848 2012 non
875 1970 1180 2012 contendamus
1206 1984 1296 2024 nec,
1323 1970 1360 2010 si
1386 1969 1487 2024 quid
1513 1984 1601 2011 non
1628 1968 1955 2023 optinuerimIIS,
1986 1968 2150 2023 repulsi

444 2055 537 2081 esse
573 2040 817 2082 videamur:
862 2044 959 2082 tuae
999 2041 1233 2095 sapientiae
1272 2040 1669 2096 magnitudinisque
1708 2039 1841 2081 animi
1873 2041 1939 2080 est
1977 2053 2149 2080 omnem

443 2110 773 2165 amplitudinem
805 2115 848 2153 et
886 2111 1143 2167 dignitatem
1182 2114 1302 2152 tuam
1334 2111 1378 2152 in
1410 2111 1569 2152 virtute
1609 2113 1738 2164 atque
1769 2110 1814 2152 in
1845 2111 1973 2152 rebus
2011 2110 2146 2166 gestis
2167 2127 2200 2152 25

444 2182 531 2223 tuis
565 2185 694 2236 atque
720 2182 765 2223 in
791 2185 867 2223 tua
894 2183 1105 2238 gravitate
1132 2182 1321 2236 positam
1353 2181 1618 2236 existimare3
1650 2181 1687 2222 si
1714 2181 1817 2236 quid
1843 2196 1893 2223 ex
1922 2181 1983 2222 eis
2009 2181 2150 2236 rebus,

446 2267 551 2306 quas
593 2252 674 2294 tibi
716 2253 891 2295 fortuna
930 2253 1088 2308 largita
1129 2255 1215 2303 est,
1257 2253 1564 2294 nonnullorum
1601 2251 1826 2293 hominum
1865 2251 2045 2307 perfidia
2084 2252 2151 2292 de-

446 2323 645 2377 traxerit,
683 2324 726 2364 id
765 2324 919 2365 maiori
957 2324 1044 2364 illis
1083 2323 1224 2364 fraudi
1262 2338 1392 2377 quam
1429 2322 1511 2364 tibi
1549 2322 1754 2364 futurum.
1817 2337 1842 2363 a
1879 2336 1946 2363 me
1983 2322 2150 2363 nullum

564 2478 595 2509 2.
625 2476 897 2519 131361131ι1011911ι
929 2486 994 2510 om
1023 2475 1105 2509 MR
1131 2475 1386 2518 (retenturum.
1415 2474 1508 2520 [m.
1535 2473 1688 2508 tametsi
1708 2473 1769 2517 R)
1809 2472 1935 2508 Cicero
1962 2473 2031 2509 sal
2059 2472 2152 2508 dicit

446 2522 473 2555 L
476 2521 601 2556 entulo
622 2521 834 2566 proconsuli
852 2523 885 2557 G
903 2524 914 2565 ΙΙ
934 2526 965 2556 3.
987 2521 1153 2556 Tametsi
1169 2543 1212 2546 —
1226 2523 1264 2556 te
1286 2523 1325 2556 111
1343 2522 1391 2556 M
1404 2523 1594 2557 oubrieata
1612 2522 1623 2565 11
1643 2524 1674 2555 4.
1697 2519 1853 2555 caeteris
1869 2521 1917 2555 M
1930 2523 1941 2564 ΙΙ
1961 2525 1992 2556 5.
2009 2531 2150 2555 summo

447 2569 570 2603 studio
598 2568 724 2604 dolore
750 2570 786 2603 R
806 2571 816 2613 Η
835 2570 939 2603 tuam
966 2570 1031 2603 JIC
1057 2581 1100 2604 er
1126 2580 1211 2603 uam
1232 2570 1243 2613 ss
1263 2574 1294 2603 6.
1323 2569 1553 2603 caeterorum
1580 2568 1639 2611 M,
1671 2567 1829 2601 aliorum
1857 2569 1890 2603 G
1909 2570 1920 2612 ΙΙ
1941 2572 1970 2603 7
1997 2567 2150 2603 beniuo-

448 2616 601 2650 lentiam
631 2617 701 2651 GR
720 2618 731 2661 ΙΙ
754 2620 805 2651 10.
835 2617 962 2650 exorta
987 2629 1030 2651 ea:
1055 2616 1226 2659 exhorta,
1259 2621 1300 2651 ut
1324 2617 1411 2659 1,·ιῖἿῶ
1439 2617 1483 2650 M
1503 2618 1514 2659 ΙΙ
1537 2620 1588 2649 11.
1616 2597 1841 2659 iinpedirent
1866 2615 1930 2659 M,
1961 2626 2051 2650 corr.
2079 2614 2150 2657 M¹,

450 2668 487 2697 ut
512 2664 690 2707 vectum.
722 2667 773 2697 13.
802 2663 881 2697 eius
907 2663 1009 2698 modi
1030 2675 1069 2707 ς,
1096 2663 1174 2698 eius
1202 2665 1246 2706 Ω,
1274 2664 1367 2708 quod
1392 2644 1485 2698 t'enet
1514 2663 1548 2697 G.
1564 2664 1610 2697 A.
1626 2663 1815 2697 Lehmann
1841 2663 2006 2707 (‘quaest.
2037 2662 2132 2696 Tull.
2139 2662 2148 2677 '

452 2711 458 2742 Ι
478 2722 515 2753 J).
538 2712 597 2753 85)
624 2711 634 2754 ΙΙ
662 2714 715 2745 15.
750 2710 914 2754 profecto
953 2723 1018 2746 om.
1061 2700 1095 2746 G
1119 2713 1130 2755 ΙΙ
1154 2709 1361 2744 resistimus
1398 2710 1494 2754 MG,
1533 2708 1739 2744 restitimus
1774 2709 1827 2753 R,
1864 2709 2078 2759 resistemus
2105 2709 2150 2751 gl

453 2761 503 2791 17
531 2768 644 2791 causa
669 2757 773 2802 Iegia
799 2758 864 2792 del.
892 2758 1088 2793 Umzntzus
1107 2760 1118 2802 ΙΙ
1137 2757 1242 2802 regia
1267 2770 1310 2792 ea}
1335 2757 1415 2802 regi
1441 2739 1530 2792 coln?
1553 2757 1619 2791 MC
1637 2758 1649 2801 ΙΙ
1669 2760 1725 2791 19.
1752 2757 1801 2791 ad
1825 2757 1932 2791 verba
1956 2751 2075 2799 n'eque
2096 2766 2150 2790 se—

449 2803 534 2838 licio
556 2816 595 2838 111
614 2816 725 2849 11·1α1(].
749 2804 816 2837 Me
842 2806 1014 2840 adnotat:
1029 2816 1164 2839 nomen
1182 2803 1382 2849 proprium.
1403 2805 1439 2839 R
1460 2806 1499 2838 in
1518 2805 1596 2848 ipso
1616 2808 1717 2839 teaeta
1735 2804 1860 2838 habet.
1875 2813 1994 2846 neque
2013 2813 2150 2837 nomen

451 2851 638 2894 111Ηο111111111
664 2851 783 2885 silicio
817 2850 887 2894 (sil.
915 2863 959 2886 er
986 2852 1048 2887 sel
1077 2865 1118 2887 m
1148 2854 1181 2897 1)
1212 2853 1223 2895 ΙΙ
1260 2862 1328 2886 nec
1355 2850 1394 2893 Q.
1422 2850 1557 2886 Selicio
1589 2852 1681 2886 coni.
1714 2851 1844 2884 Baeter
1868 2850 1879 2893 ΙΙ
1917 2853 1971 2884 20
1994 2853 2049 2884 21.
2072 2861 2149 2884 rem

446 2909 515 2940 [110
540 2909 664 2942 Iegem
690 2903 721 2933 et
748 2898 875 2932 delata
895 2910 965 2942 mo
992 2899 1158 2933 delatum
1179 2900 1364 2944 Illmtgsni-
1370 2900 1538 2944 Lagnum,
1565 2898 1612 2932 ad
1639 2908 1722 2931 eum
1731 2895 1989 2954 (negotium)
2017 2896 2152 2931 deferri

455 2945 503 2977 ccl
530 2927 601 2978 ado
603 2957 686 2979 eum
711 2945 843 2991 (rem)
870 2944 1004 2979 deferri
1030 2948 1115 2988 (siz-e
1141 2945 1276 2980 deferri
1297 2945 1490 2999 <1·9..111>)
1509 2945 1671 2980 .delata
1696 2943 1900 2978 Wsesenber
1885 2955 1920 2989 J,
1945 2945 2009 2988 qui
2027 2954 2153 2988 regem

452 2996 568 3025 sumt
587 2993 596 3034 ΙΙ
617 2996 671 3026 20.
692 2992 800 3027 nobis
815 2993 868 3036 M,
896 2991 1002 3026 uobis
1020 2993 1090 3027 GR
1110 2994 1120 3035 ΙΙ
1141 2997 1194 3028 23
1216 3004 1284 3028 nec
1310 2992 1341 3027 si
1367 2992 1473 3038 quid]
1501 3003 1520 3026 c
1547 2991 1576 3025 si
1603 2990 1693 3034 quid
1717 2991 1758 3024 in
1778 2990 1827 3024 M
1851 3003 1890 3025 1η
1908 3002 1979 3026 ras.
2005 2992 2151 3034 scripsit

455 3048 582 3071 »umus
607 3050 632 3072 8.
655 3040 741 3079 XV
768 3041 872 3074 habet
896 3043 1015 3074 tamen
1034 3039 1077 3073 P.
1104 3051 1172 3074 neo
1199 3040 1229 3073 si
1250 3061 1293 3065 —
1313 3039 1507 3074 videamur
1531 3050 1596 3073 om
1618 3038 1654 3072 R
1673 3038 1684 3079 ΙΙ
1704 3041 1758 3071 26.
1780 3037 1942 3081 positam
1966 3049 2011 3072 ex
2034 3036 2152 3089 possi-

454 3085 553 3163 tegme
580 3096 680 3164 cmg,l
697 3086 836 3166 silbae
861 3087 933 3122 vid.
961 3097 999 3120 se
1023 3086 1186 3131 positam
1215 3088 1285 3122 GR
1304 3089 1314 3131 ΙΙ
1335 3086 1426 3131 quid
1451 3086 1511 3129 M,
1546 3083 1628 3128 quis
1657 3085 1750 3128 GR!
1747 3083 1847 3130 fleis]
1873 3083 1931 3118 his
1957 3086 2008 3129 Ω,
2035 3083 2082 3118 iis
2107 3084 2153 3130 §ll

459 3156 474 3164 -
504 3158 510 3164 .
539 3142 637 3174 quan
657 3144 709 3165 131
736 3154 751 3166 1
