<?xml version="1.0" encoding="UTF-8"?>
<!DOCTYPE html PUBLIC "-//W3C//DTD XHTML 1.0 Transitional//EN"
    "http://www.w3.org/TR/xhtml1/DTD/xhtml1-transitional.dtd">
<html xmlns="http://www.w3.org/1999/xhtml" xml:lang="en" lang="en">
 <head>
  <title>
</title>
<meta http-equiv="Content-Type" content="text/html;charset=utf-8" />
  <meta name='ocr-system' content='tesseract 3.04.00' />
  <meta name='ocr-capabilities' content='ocr_page ocr_carea ocr_par ocr_line ocrx_word'/>
</head>
<body>
  <div class='ocr_page' id='page_1' title='image "./epistularumlibri00ciceuoft_0107.png"; bbox 0 0 2242 3496; ppageno 0'>
   <div class='ocr_carea' id='block_1_1' title="bbox 58 972 91 996">
    <p class='ocr_par' dir='ltr' id='par_1_1' title="bbox 58 972 91 996">
     <span class='ocr_line' id='line_1_1' title="bbox 58 972 91 996; baseline 0 0"><span class='ocrx_word' id='word_1_1' title='bbox 58 972 91 996; x_wconf 88' lang='lat'>10</span> 
     </span>
    </p>
   </div>
   <div class='ocr_carea' id='block_1_2' title="bbox 57 1324 88 1350">
    <p class='ocr_par' dir='ltr' id='par_1_2' title="bbox 57 1324 88 1350">
     <span class='ocr_line' id='line_1_2' title="bbox 57 1324 88 1350; baseline 0 0"><span class='ocrx_word' id='word_1_2' title='bbox 57 1324 88 1350; x_wconf 90' lang='lat'>15</span> 
     </span>
    </p>
   </div>
   <div class='ocr_carea' id='block_1_3' title="bbox 54 1680 89 1704">
    <p class='ocr_par' dir='ltr' id='par_1_3' title="bbox 54 1680 89 1704">
     <span class='ocr_line' id='line_1_3' title="bbox 54 1680 89 1704; baseline 0 0"><span class='ocrx_word' id='word_1_3' title='bbox 54 1680 89 1704; x_wconf 78' lang='lat'>20</span> 
     </span>
    </p>
   </div>
   <div class='ocr_carea' id='block_1_4' title="bbox 55 2032 88 2058">
    <p class='ocr_par' dir='ltr' id='par_1_4' title="bbox 55 2032 88 2058">
     <span class='ocr_line' id='line_1_4' title="bbox 55 2032 88 2058; baseline 0 0"><span class='ocrx_word' id='word_1_4' title='bbox 55 2032 88 2058; x_wconf 81' lang='lat'>25</span> 
     </span>
    </p>
   </div>
   <div class='ocr_carea' id='block_1_5' title="bbox 709 219 1803 267">
    <p class='ocr_par' dir='ltr' id='par_1_5' title="bbox 709 219 1803 267">
     <span class='ocr_line' id='line_1_5' title="bbox 709 219 1803 267; baseline 0.011 -15"><span class='ocrx_word' id='word_1_5' title='bbox 709 219 1039 255; x_wconf 52' lang='lat' dir='ltr'>El’ls&#39;l‘x&#39;1⁴.·xm&#39;1l1</span> <span class='ocrx_word' id='word_1_6' title='bbox 1073 223 1127 256; x_wconf 86' lang='grc' dir='ltr'>ΙΙΙ.</span> <span class='ocrx_word' id='word_1_7' title='bbox 1158 227 1209 257; x_wconf 78' lang='lat'>10.</span> <span class='ocrx_word' id='word_1_8' title='bbox 1749 230 1803 267; x_wconf 55' lang='grc' dir='ltr'>ΓΗ.)</span> 
     </span>
    </p>
   </div>
   <div class='ocr_carea' id='block_1_6' title="bbox 112 324 1804 385">
    <p class='ocr_par' dir='ltr' id='par_1_6' title="bbox 112 324 1804 385">
     <span class='ocr_line' id='line_1_6' title="bbox 112 324 1804 385; baseline 0.004 -17"><span class='ocrx_word' id='word_1_9' title='bbox 112 339 208 369; x_wconf 89' lang='lat' dir='ltr'>cum</span> <span class='ocrx_word' id='word_1_10' title='bbox 240 328 282 366; x_wconf 91' lang='lat' dir='ltr'>te</span> <span class='ocrx_word' id='word_1_11' title='bbox 315 324 508 365; x_wconf 74' lang='lat' dir='ltr'><strong>Puteolis</strong></span> <span class='ocrx_word' id='word_1_12' title='bbox 542 339 840 380; x_wconf 78' lang='lat' dir='ltr'>prosequerer,</span> <span class='ocrx_word' id='word_1_13' title='bbox 875 329 915 369; x_wconf 92' lang='lat' dir='ltr'>in</span> <span class='ocrx_word' id='word_1_14' title='bbox 949 343 1031 383; x_wconf 89' lang='lat' dir='ltr'>quo</span> <span class='ocrx_word' id='word_1_15' title='bbox 1065 345 1148 371; x_wconf 86' lang='lat' dir='ltr'>non</span> <span class='ocrx_word' id='word_1_16' title='bbox 1182 333 1524 385; x_wconf 77' lang='lat' dir='ltr'>expectationem</span> <span class='ocrx_word' id='word_1_17' title='bbox 1559 337 1676 374; x_wconf 81' lang='lat' dir='ltr'>tuam</span> <span class='ocrx_word' id='word_1_18' title='bbox 1710 335 1804 375; x_wconf 86' lang='lat' dir='ltr'>‹lili-</span> 
     </span>
    </p>
   </div>
   <div class='ocr_carea' id='block_1_7' title="bbox 111 395 1839 456">
    <p class='ocr_par' dir='ltr' id='par_1_7' title="bbox 111 395 1839 456">
     <span class='ocr_line' id='line_1_7' title="bbox 111 395 1839 456; baseline 0.004 -18"><span class='ocrx_word' id='word_1_19' title='bbox 111 395 260 452; x_wconf 83' lang='lat' dir='ltr'>gentia</span> <span class='ocrx_word' id='word_1_20' title='bbox 286 409 382 436; x_wconf 86' lang='lat' dir='ltr'>mea</span> <span class='ocrx_word' id='word_1_21' title='bbox 409 395 617 436; x_wconf 69' lang='lat' dir='ltr'>vicerim?</span> <span class='ocrx_word' id='word_1_22' title='bbox 668 398 777 450; x_wconf 85' lang='lat' dir='ltr'>quod</span> <span class='ocrx_word' id='word_1_23' title='bbox 813 398 847 439; x_wconf 94' lang='lat' dir='ltr'>si</span> <span class='ocrx_word' id='word_1_24' title='bbox 883 399 921 439; x_wconf 82' lang='lat' dir='ltr'>i‹l</span> <span class='ocrx_word' id='word_1_25' title='bbox 955 405 1018 440; x_wconf 84' lang='lat' dir='ltr'>est</span> <span class='ocrx_word' id='word_1_26' title='bbox 1049 401 1231 442; x_wconf 80' lang='lat' dir='ltr'>maxime</span> <span class='ocrx_word' id='word_1_27' title='bbox 1258 403 1401 456; x_wconf 78' lang='lat' dir='ltr'>astuti,</span> <span class='ocrx_word' id='word_1_28' title='bbox 1435 403 1578 444; x_wconf 85' lang='lat' dir='ltr'>omnia</span> <span class='ocrx_word' id='word_1_29' title='bbox 1605 404 1655 444; x_wconf 79' lang='lat' dir='ltr'>ad</span> <span class='ocrx_word' id='word_1_30' title='bbox 1684 420 1804 446; x_wconf 78' lang='lat' dir='ltr'>suam</span> <span class='ocrx_word' id='word_1_31' title='bbox 1833 420 1839 434; x_wconf 78' lang='lat'>¹</span> 
     </span>
    </p>
   </div>
   <div class='ocr_carea' id='block_1_8' title="bbox 106 465 1806 2362">
    <p class='ocr_par' dir='ltr' id='par_1_8' title="bbox 106 465 1806 2362">
     <span class='ocr_line' id='line_1_8' title="bbox 110 465 1805 527; baseline 0.004 -19"><span class='ocrx_word' id='word_1_32' title='bbox 110 465 346 508; x_wconf 71' lang='lat' dir='ltr'><strong>utilitatem</strong></span> <span class='ocrx_word' id='word_1_33' title='bbox 385 465 560 518; x_wconf 88' lang='lat' dir='ltr'>referre,</span> <span class='ocrx_word' id='word_1_34' title='bbox 604 467 703 520; x_wconf 84' lang='lat' dir='ltr'>quid</span> <span class='ocrx_word' id='word_1_35' title='bbox 744 468 847 509; x_wconf 82' lang='lat' dir='ltr'>mihi</span> <span class='ocrx_word' id='word_1_36' title='bbox 888 470 1058 511; x_wconf 84' lang='lat' dir='ltr'>tandem</span> <span class='ocrx_word' id='word_1_37' title='bbox 1098 475 1189 512; x_wconf 81' lang='lat' dir='ltr'>erat</span> <span class='ocrx_word' id='word_1_38' title='bbox 1233 472 1396 526; x_wconf 76' lang='lat' dir='ltr'>utilius,</span> <span class='ocrx_word' id='word_1_39' title='bbox 1439 473 1537 527; x_wconf 81' lang='lat' dir='ltr'>quid</span> <span class='ocrx_word' id='word_1_40' title='bbox 1572 475 1805 515; x_wconf 81' lang='lat' dir='ltr'>commodis</span> 
     </span>
     <span class='ocr_line' id='line_1_9' title="bbox 110 534 1805 596; baseline 0.005 -18"><span class='ocrx_word' id='word_1_41' title='bbox 110 534 216 578; x_wconf 84' lang='lat' dir='ltr'>meis</span> <span class='ocrx_word' id='word_1_42' title='bbox 261 536 425 591; x_wconf 83' lang='lat' dir='ltr'>aptius,</span> <span class='ocrx_word' id='word_1_43' title='bbox 472 551 599 590; x_wconf 88' lang='lat' dir='ltr'>quam</span> <span class='ocrx_word' id='word_1_44' title='bbox 645 537 830 579; x_wconf 89' lang='lat' dir='ltr'>hominis</span> <span class='ocrx_word' id='word_1_45' title='bbox 872 540 1131 582; x_wconf 85' lang='lat' dir='ltr'>nobilissimi</span> <span class='ocrx_word' id='word_1_46' title='bbox 1177 545 1305 596; x_wconf 82' lang='lat' dir='ltr'>atque</span> <span class='ocrx_word' id='word_1_47' title='bbox 1352 543 1672 585; x_wconf 73' lang='lat' dir='ltr'>honoratissimi</span> <span class='ocrx_word' id='word_1_48' title='bbox 1712 561 1805 586; x_wconf 81' lang='lat' dir='ltr'>con-</span> 
     </span>
     <span class='ocr_line' id='line_1_10' title="bbox 110 607 1804 667; baseline 0.004 -19"><span class='ocrx_word' id='word_1_49' title='bbox 110 607 292 662; x_wconf 88' lang='lat' dir='ltr'>iunctio,</span> <span class='ocrx_word' id='word_1_50' title='bbox 329 607 449 648; x_wconf 88' lang='lat' dir='ltr'>cuius</span> <span class='ocrx_word' id='word_1_51' title='bbox 483 621 584 662; x_wconf 89' lang='lat' dir='ltr'>opes</span> <span class='ocrx_word' id='word_1_52' title='bbox 618 608 854 663; x_wconf 72' lang='lat' dir='ltr'>ingenium,</span> <span class='ocrx_word' id='word_1_53' title='bbox 895 610 1017 651; x_wconf 82' lang='lat' dir='ltr'>liberi</span> <span class='ocrx_word' id='word_1_54' title='bbox 1051 612 1209 652; x_wconf 64' lang='lat' dir='ltr'>adfines</span> <span class='ocrx_word' id='word_1_55' title='bbox 1249 613 1476 666; x_wconf 78' lang='lat' dir='ltr'>propinqui</span> <span class='ocrx_word' id='word_1_56' title='bbox 1512 614 1614 655; x_wconf 83' lang='lat' dir='ltr'>mihi</span> <span class='ocrx_word' id='word_1_57' title='bbox 1648 630 1804 667; x_wconf 76' lang='lat' dir='ltr'>magno</span> 
     </span>
     <span class='ocr_line' id='line_1_11' title="bbox 109 677 1806 739; baseline 0.005 -21"><span class='ocrx_word' id='word_1_58' title='bbox 109 677 175 719; x_wconf 85' lang='lat' dir='ltr'>vel</span> <span class='ocrx_word' id='word_1_59' title='bbox 208 680 463 719; x_wconf 82' lang='lat' dir='ltr'>ornamento</span> <span class='ocrx_word' id='word_1_60' title='bbox 496 678 562 718; x_wconf 85' lang='lat' dir='ltr'>vel</span> <span class='ocrx_word' id='word_1_61' title='bbox 595 678 809 732; x_wconf 86' lang='lat' dir='ltr'>praesidio</span> <span class='ocrx_word' id='word_1_62' title='bbox 844 694 934 721; x_wconf 85' lang='lat' dir='ltr'>esse</span> <span class='ocrx_word' id='word_1_63' title='bbox 969 686 1173 734; x_wconf 70' lang='lat' dir='ltr'>possent?</span> <span class='ocrx_word' id='word_1_64' title='bbox 1225 697 1331 736; x_wconf 76' lang='lat' dir='ltr'>quac</span> <span class='ocrx_word' id='word_1_65' title='bbox 1374 686 1515 724; x_wconf 84' lang='lat' dir='ltr'>tamen</span> <span class='ocrx_word' id='word_1_66' title='bbox 1549 698 1628 739; x_wconf 81' lang='lat' dir='ltr'>ego</span> <span class='ocrx_word' id='word_1_67' title='bbox 1663 686 1806 727; x_wconf 80' lang='lat' dir='ltr'>omnia</span> 
     </span>
     <span class='ocr_line' id='line_1_12' title="bbox 108 747 1804 810; baseline 0.005 -22"><span class='ocrx_word' id='word_1_68' title='bbox 108 747 154 789; x_wconf 92' lang='lat' dir='ltr'>in</span> <span class='ocrx_word' id='word_1_69' title='bbox 185 748 423 802; x_wconf 85' lang='lat' dir='ltr'>expetenda</span> <span class='ocrx_word' id='word_1_70' title='bbox 461 747 651 790; x_wconf 85' lang='lat' dir='ltr'>amicitia</span> <span class='ocrx_word' id='word_1_71' title='bbox 692 751 766 789; x_wconf 84' lang='lat' dir='ltr'>tua</span> <span class='ocrx_word' id='word_1_72' title='bbox 803 765 888 790; x_wconf 84' lang='lat' dir='ltr'>non</span> <span class='ocrx_word' id='word_1_73' title='bbox 928 752 1087 792; x_wconf 84' lang='lat' dir='ltr'>astutia</span> <span class='ocrx_word' id='word_1_74' title='bbox 1127 753 1325 806; x_wconf 83' lang='lat' dir='ltr'>quadam,</span> <span class='ocrx_word' id='word_1_75' title='bbox 1368 754 1439 794; x_wconf 78' lang='lat' dir='ltr'>sed</span> <span class='ocrx_word' id='word_1_76' title='bbox 1479 754 1621 808; x_wconf 83' lang='lat' dir='ltr'>aliqua</span> <span class='ocrx_word' id='word_1_77' title='bbox 1661 755 1804 810; x_wconf 87' lang='lat' dir='ltr'>potius</span> 
     </span>
     <span class='ocr_line' id='line_1_13' title="bbox 109 818 1803 878; baseline 0.004 -18"><span class='ocrx_word' id='word_1_78' title='bbox 109 818 322 873; x_wconf 83' lang='lat' dir='ltr'>sapientia</span> <span class='ocrx_word' id='word_1_79' title='bbox 365 820 537 861; x_wconf 83' lang='lat' dir='ltr'>secutus</span> <span class='ocrx_word' id='word_1_80' title='bbox 577 833 681 860; x_wconf 92' lang='lat' dir='ltr'>sum.</span> <span class='ocrx_word' id='word_1_81' title='bbox 741 819 870 873; x_wconf 75' lang='lat' dir='ltr'>quid?</span> <span class='ocrx_word' id='word_1_82' title='bbox 916 821 990 862; x_wconf 87' lang='lat' dir='ltr'>illa</span> <span class='ocrx_word' id='word_1_83' title='bbox 1033 821 1218 875; x_wconf 83' lang='lat' dir='ltr'>vincula,</span> <span class='ocrx_word' id='word_1_84' title='bbox 1265 824 1418 876; x_wconf 81' lang='lat' dir='ltr'>quibus</span> <span class='ocrx_word' id='word_1_85' title='bbox 1458 824 1626 878; x_wconf 84' lang='lat' dir='ltr'>quidem</span> <span class='ocrx_word' id='word_1_86' title='bbox 1673 826 1803 867; x_wconf 71' lang='lat' dir='ltr'>liben—</span> 
     </span>
     <span class='ocr_line' id='line_1_14' title="bbox 109 889 1803 947; baseline 0.004 -16"><span class='ocrx_word' id='word_1_87' title='bbox 109 889 276 931; x_wconf 85' lang='lat' dir='ltr'>tissime</span> <span class='ocrx_word' id='word_1_88' title='bbox 309 890 546 945; x_wconf 82' lang='lat' dir='ltr'>astringor,</span> <span class='ocrx_word' id='word_1_89' title='bbox 580 893 741 944; x_wconf 86' lang='lat' dir='ltr'>quanta</span> <span class='ocrx_word' id='word_1_90' title='bbox 775 891 891 931; x_wconf 81' lang='lat' dir='ltr'>sunt!</span> <span class='ocrx_word' id='word_1_91' title='bbox 933 891 1171 932; x_wconf 83' lang='lat' dir='ltr'>studiorum</span> <span class='ocrx_word' id='word_1_92' title='bbox 1205 893 1455 947; x_wconf 80' lang='lat' dir='ltr'>similitudo,</span> <span class='ocrx_word' id='word_1_93' title='bbox 1488 895 1676 937; x_wconf 81' lang='lat' dir='ltr'>suavitas</span> <span class='ocrx_word' id='word_1_94' title='bbox 1709 912 1803 937; x_wconf 81' lang='lat' dir='ltr'>con-</span> 
     </span>
     <span class='ocr_line' id='line_1_15' title="bbox 110 959 1803 1019; baseline 0.005 -18"><span class='ocrx_word' id='word_1_95' title='bbox 110 959 366 1014; x_wconf 89' lang='lat' dir='ltr'>suetudinis,</span> <span class='ocrx_word' id='word_1_96' title='bbox 397 960 626 1002; x_wconf 77' lang='lat' dir='ltr'>delectatio</span> <span class='ocrx_word' id='word_1_97' title='bbox 659 961 772 1001; x_wconf 89' lang='lat' dir='ltr'>vitae</span> <span class='ocrx_word' id='word_1_98' title='bbox 807 963 935 1015; x_wconf 85' lang='lat' dir='ltr'>atque</span> <span class='ocrx_word' id='word_1_99' title='bbox 967 962 1125 1016; x_wconf 88' lang='lat' dir='ltr'>victus,</span> <span class='ocrx_word' id='word_1_100' title='bbox 1158 964 1366 1005; x_wconf 87' lang='lat' dir='ltr'>sermonis</span> <span class='ocrx_word' id='word_1_101' title='bbox 1400 965 1600 1019; x_wconf 73' lang='lat' dir='ltr'>societas,</span> <span class='ocrx_word' id='word_1_102' title='bbox 1634 966 1803 1008; x_wconf 70' lang='lat' dir='ltr'>litterae</span> 
     </span>
     <span class='ocr_line' id='line_1_16' title="bbox 108 1030 1803 1090; baseline 0.004 -18"><span class='ocrx_word' id='word_1_103' title='bbox 108 1030 347 1073; x_wconf 89' lang='lat' dir='ltr'>interiores.</span> <span class='ocrx_word' id='word_1_104' title='bbox 411 1033 538 1086; x_wconf 88' lang='lat' dir='ltr'>atque</span> <span class='ocrx_word' id='word_1_105' title='bbox 588 1031 693 1072; x_wconf 90' lang='lat' dir='ltr'>haec</span> <span class='ocrx_word' id='word_1_106' title='bbox 747 1031 1004 1073; x_wconf 80' lang='lat' dir='ltr'>domestica:</span> <span class='ocrx_word' id='word_1_107' title='bbox 1058 1033 1160 1086; x_wconf 83' lang='lat' dir='ltr'>quid</span> <span class='ocrx_word' id='word_1_108' title='bbox 1212 1034 1284 1074; x_wconf 87' lang='lat' dir='ltr'>illa</span> <span class='ocrx_word' id='word_1_109' title='bbox 1335 1036 1504 1076; x_wconf 80' lang='lat' dir='ltr'>tandem</span> <span class='ocrx_word' id='word_1_110' title='bbox 1550 1037 1803 1090; x_wconf 71' lang='lat' dir='ltr'>popularia?</span> 
     </span>
     <span class='ocr_line' id='line_1_17' title="bbox 108 1101 1805 1161; baseline 0.004 -19"><span class='ocrx_word' id='word_1_111' title='bbox 108 1101 271 1143; x_wconf 89' lang='lat' dir='ltr'>reditus</span> <span class='ocrx_word' id='word_1_112' title='bbox 310 1101 507 1143; x_wconf 89' lang='lat' dir='ltr'>inlustris</span> <span class='ocrx_word' id='word_1_113' title='bbox 546 1102 591 1142; x_wconf 92' lang='lat' dir='ltr'>in</span> <span class='ocrx_word' id='word_1_114' title='bbox 629 1102 834 1157; x_wconf 78' lang='lat' dir='ltr'>gratiam,</span> <span class='ocrx_word' id='word_1_115' title='bbox 874 1103 916 1143; x_wconf 88' lang='lat' dir='ltr'>in</span> <span class='ocrx_word' id='word_1_116' title='bbox 956 1117 1040 1157; x_wconf 88' lang='lat' dir='ltr'>quo</span> <span class='ocrx_word' id='word_1_117' title='bbox 1078 1118 1129 1144; x_wconf 86' lang='lat' dir='ltr'>ne</span> <span class='ocrx_word' id='word_1_118' title='bbox 1167 1119 1243 1158; x_wconf 91' lang='lat' dir='ltr'>per</span> <span class='ocrx_word' id='word_1_119' title='bbox 1281 1105 1595 1160; x_wconf 71' lang='lat' dir='ltr'>inprudentiam</span> <span class='ocrx_word' id='word_1_120' title='bbox 1636 1108 1805 1161; x_wconf 84' lang='lat' dir='ltr'>quidem</span> 
     </span>
     <span class='ocr_line' id='line_1_18' title="bbox 108 1171 1802 1228; baseline 0.004 -16"><span class='ocrx_word' id='word_1_121' title='bbox 108 1171 242 1213; x_wconf 86' lang='lat' dir='ltr'>errari</span> <span class='ocrx_word' id='word_1_122' title='bbox 273 1174 420 1226; x_wconf 86' lang='lat' dir='ltr'>potest</span> <span class='ocrx_word' id='word_1_123' title='bbox 459 1172 549 1213; x_wconf 90' lang='lat' dir='ltr'>sine</span> <span class='ocrx_word' id='word_1_124' title='bbox 590 1172 833 1226; x_wconf 86' lang='lat' dir='ltr'>suspicione</span> <span class='ocrx_word' id='word_1_125' title='bbox 872 1173 1092 1227; x_wconf 86' lang='lat' dir='ltr'>perfidiae,</span> <span class='ocrx_word' id='word_1_126' title='bbox 1132 1175 1386 1228; x_wconf 82' lang='lat' dir='ltr'>amplissimi</span> <span class='ocrx_word' id='word_1_127' title='bbox 1420 1177 1646 1218; x_wconf 86' lang='lat' dir='ltr'>sacerdotii</span> <span class='ocrx_word' id='word_1_128' title='bbox 1681 1178 1802 1219; x_wconf 83' lang='lat' dir='ltr'>colle-</span> 
     </span>
     <span class='ocr_line' id='line_1_19' title="bbox 109 1242 1801 1299; baseline 0.004 -16"><span class='ocrx_word' id='word_1_129' title='bbox 109 1242 240 1298; x_wconf 88' lang='lat' dir='ltr'>gium,</span> <span class='ocrx_word' id='word_1_130' title='bbox 271 1242 317 1283; x_wconf 89' lang='lat' dir='ltr'>in</span> <span class='ocrx_word' id='word_1_131' title='bbox 350 1257 434 1297; x_wconf 92' lang='lat' dir='ltr'>quo</span> <span class='ocrx_word' id='word_1_132' title='bbox 465 1257 553 1284; x_wconf 89' lang='lat' dir='ltr'>non</span> <span class='ocrx_word' id='word_1_133' title='bbox 583 1243 710 1284; x_wconf 89' lang='lat' dir='ltr'>modo</span> <span class='ocrx_word' id='word_1_134' title='bbox 745 1243 979 1284; x_wconf 80' lang='lat' dir='ltr'>amicitiam</span> <span class='ocrx_word' id='word_1_135' title='bbox 1007 1244 1158 1285; x_wconf 84' lang='lat' dir='ltr'>violari</span> <span class='ocrx_word' id='word_1_136' title='bbox 1187 1245 1297 1299; x_wconf 87' lang='lat' dir='ltr'>apud</span> <span class='ocrx_word' id='word_1_137' title='bbox 1330 1247 1511 1288; x_wconf 85' lang='lat' dir='ltr'>maiores</span> <span class='ocrx_word' id='word_1_138' title='bbox 1539 1251 1712 1289; x_wconf 83' lang='lat' dir='ltr'>nostros</span> <span class='ocrx_word' id='word_1_139' title='bbox 1741 1249 1801 1289; x_wconf 79' lang='lat' dir='ltr'>sas</span> 
     </span>
     <span class='ocr_line' id='line_1_20' title="bbox 107 1313 1802 1373; baseline 0.003 -18"><span class='ocrx_word' id='word_1_140' title='bbox 107 1328 195 1355; x_wconf 90' lang='lat' dir='ltr'>non</span> <span class='ocrx_word' id='word_1_141' title='bbox 225 1315 337 1368; x_wconf 86' lang='lat' dir='ltr'>erat,</span> <span class='ocrx_word' id='word_1_142' title='bbox 377 1313 450 1355; x_wconf 89' lang='lat' dir='ltr'>sed</span> <span class='ocrx_word' id='word_1_143' title='bbox 480 1327 533 1355; x_wconf 91' lang='lat' dir='ltr'>ne</span> <span class='ocrx_word' id='word_1_144' title='bbox 574 1313 739 1368; x_wconf 85' lang='lat' dir='ltr'>coptari</span> <span class='ocrx_word' id='word_1_145' title='bbox 773 1314 941 1368; x_wconf 88' lang='lat' dir='ltr'>quidem</span> <span class='ocrx_word' id='word_1_146' title='bbox 983 1315 1248 1357; x_wconf 85' lang='lat' dir='ltr'>sacerdotem</span> <span class='ocrx_word' id='word_1_147' title='bbox 1279 1315 1453 1371; x_wconf 85' lang='lat' dir='ltr'>licebat,</span> <span class='ocrx_word' id='word_1_148' title='bbox 1493 1318 1564 1371; x_wconf 86' lang='lat' dir='ltr'>qui</span> <span class='ocrx_word' id='word_1_149' title='bbox 1604 1319 1802 1373; x_wconf 78' lang='lat' dir='ltr'>cuiquam</span> 
     </span>
     <span class='ocr_line' id='line_1_21' title="bbox 107 1383 1799 1442; baseline 0.003 -17"><span class='ocrx_word' id='word_1_150' title='bbox 107 1399 158 1426; x_wconf 83' lang='lat' dir='ltr'>ex</span> <span class='ocrx_word' id='word_1_151' title='bbox 184 1383 368 1440; x_wconf 86' lang='lat' dir='ltr'>collegio</span> <span class='ocrx_word' id='word_1_152' title='bbox 395 1386 510 1426; x_wconf 89' lang='lat' dir='ltr'>esset</span> <span class='ocrx_word' id='word_1_153' title='bbox 535 1383 747 1426; x_wconf 90' lang='lat' dir='ltr'>inimicus.</span> <span class='ocrx_word' id='word_1_154' title='bbox 800 1399 907 1438; x_wconf 89' lang='lat' dir='ltr'>quae</span> <span class='ocrx_word' id='word_1_155' title='bbox 934 1388 982 1426; x_wconf 90' lang='lat' dir='ltr'>ut</span> <span class='ocrx_word' id='word_1_156' title='bbox 1009 1385 1210 1426; x_wconf 87' lang='lat' dir='ltr'>omittam</span> <span class='ocrx_word' id='word_1_157' title='bbox 1235 1389 1325 1427; x_wconf 90' lang='lat' dir='ltr'>tam</span> <span class='ocrx_word' id='word_1_158' title='bbox 1351 1387 1488 1428; x_wconf 87' lang='lat' dir='ltr'>multa</span> <span class='ocrx_word' id='word_1_159' title='bbox 1513 1391 1641 1441; x_wconf 87' lang='lat' dir='ltr'>atque</span> <span class='ocrx_word' id='word_1_160' title='bbox 1668 1392 1799 1442; x_wconf 86' lang='lat' dir='ltr'>tanta,</span> 
     </span>
     <span class='ocr_line' id='line_1_22' title="bbox 108 1454 1803 1514; baseline 0.002 -18"><span class='ocrx_word' id='word_1_161' title='bbox 108 1454 203 1510; x_wconf 90' lang='lat' dir='ltr'>quis</span> <span class='ocrx_word' id='word_1_162' title='bbox 242 1469 447 1510; x_wconf 88' lang='lat' dir='ltr'>umquam</span> <span class='ocrx_word' id='word_1_163' title='bbox 486 1455 599 1497; x_wconf 87' lang='lat' dir='ltr'>tanti</span> <span class='ocrx_word' id='word_1_164' title='bbox 639 1470 899 1510; x_wconf 86' lang='lat' dir='ltr'>quemquam</span> <span class='ocrx_word' id='word_1_165' title='bbox 937 1456 1039 1498; x_wconf 86' lang='lat' dir='ltr'>fecit</span> <span class='ocrx_word' id='word_1_166' title='bbox 1071 1459 1145 1498; x_wconf 89' lang='lat' dir='ltr'>aut</span> <span class='ocrx_word' id='word_1_167' title='bbox 1183 1456 1321 1498; x_wconf 87' lang='lat' dir='ltr'>facere</span> <span class='ocrx_word' id='word_1_168' title='bbox 1354 1458 1497 1511; x_wconf 88' lang='lat' dir='ltr'>potuit</span> <span class='ocrx_word' id='word_1_169' title='bbox 1534 1462 1607 1500; x_wconf 90' lang='lat' dir='ltr'>aut</span> <span class='ocrx_word' id='word_1_170' title='bbox 1646 1460 1803 1514; x_wconf 85' lang='lat' dir='ltr'>debuit,</span> 
     </span>
     <span class='ocr_line' id='line_1_23' title="bbox 108 1524 1803 1583; baseline 0.002 -16"><span class='ocrx_word' id='word_1_171' title='bbox 108 1525 258 1581; x_wconf 89' lang='lat' dir='ltr'>quanti</span> <span class='ocrx_word' id='word_1_172' title='bbox 290 1540 371 1582; x_wconf 88' lang='lat' dir='ltr'>ego</span> <span class='ocrx_word' id='word_1_173' title='bbox 405 1524 478 1568; x_wconf 88' lang='lat' dir='ltr'>Cn.</span> <span class='ocrx_word' id='word_1_174' title='bbox 505 1525 779 1581; x_wconf 88' lang='lat' dir='ltr'>Pompeium,</span> <span class='ocrx_word' id='word_1_175' title='bbox 822 1541 1016 1569; x_wconf 86' lang='lat' dir='ltr'>socerum</span> <span class='ocrx_word' id='word_1_176' title='bbox 1049 1530 1146 1569; x_wconf 89' lang='lat' dir='ltr'>tuae</span> <span class='ocrx_word' id='word_1_177' title='bbox 1179 1527 1321 1569; x_wconf 80' lang='lat' dir='ltr'>filiae?</span> <span class='ocrx_word' id='word_1_178' title='bbox 1366 1529 1542 1583; x_wconf 86' lang='lat' dir='ltr'>etenim,</span> <span class='ocrx_word' id='word_1_179' title='bbox 1581 1530 1615 1570; x_wconf 89' lang='lat' dir='ltr'>si</span> <span class='ocrx_word' id='word_1_180' title='bbox 1648 1530 1803 1571; x_wconf 84' lang='lat' dir='ltr'>merita</span> 
     </span>
     <span class='ocr_line' id='line_1_24' title="bbox 107 1597 1801 1654; baseline 0.002 -16"><span class='ocrx_word' id='word_1_181' title='bbox 107 1597 271 1652; x_wconf 86' lang='lat' dir='ltr'>valent,</span> <span class='ocrx_word' id='word_1_182' title='bbox 307 1597 512 1652; x_wconf 89' lang='lat' dir='ltr'>patriam,</span> <span class='ocrx_word' id='word_1_183' title='bbox 551 1597 730 1651; x_wconf 79' lang='lat' dir='ltr'>liberos,</span> <span class='ocrx_word' id='word_1_184' title='bbox 771 1597 973 1652; x_wconf 86' lang='lat' dir='ltr'>salutem,</span> <span class='ocrx_word' id='word_1_185' title='bbox 1011 1598 1286 1653; x_wconf 82' lang='lat' dir='ltr'>dignitatem,</span> <span class='ocrx_word' id='word_1_186' title='bbox 1325 1602 1482 1639; x_wconf 84' lang='lat' dir='ltr'>memet</span> <span class='ocrx_word' id='word_1_187' title='bbox 1519 1600 1659 1654; x_wconf 86' lang='lat' dir='ltr'>ipsum</span> <span class='ocrx_word' id='word_1_188' title='bbox 1698 1601 1801 1641; x_wconf 90' lang='lat' dir='ltr'>mihi</span> 
     </span>
     <span class='ocr_line' id='line_1_25' title="bbox 106 1667 1802 1724; baseline 0.001 -15"><span class='ocrx_word' id='word_1_189' title='bbox 106 1683 184 1723; x_wconf 90' lang='lat' dir='ltr'>per</span> <span class='ocrx_word' id='word_1_190' title='bbox 221 1667 345 1710; x_wconf 89' lang='lat' dir='ltr'>illum</span> <span class='ocrx_word' id='word_1_191' title='bbox 382 1668 635 1710; x_wconf 89' lang='lat' dir='ltr'>restitutum</span> <span class='ocrx_word' id='word_1_192' title='bbox 672 1671 797 1723; x_wconf 82' lang='lat' dir='ltr'>put03</span> <span class='ocrx_word' id='word_1_193' title='bbox 842 1668 878 1710; x_wconf 90' lang='lat' dir='ltr'>si</span> <span class='ocrx_word' id='word_1_194' title='bbox 917 1668 1238 1710; x_wconf 87' lang='lat' dir='ltr'>consuetudinis</span> <span class='ocrx_word' id='word_1_195' title='bbox 1278 1668 1537 1723; x_wconf 83' lang='lat' dir='ltr'>iucunditas,</span> <span class='ocrx_word' id='word_1_196' title='bbox 1576 1686 1681 1724; x_wconf 83' lang='lat' dir='ltr'>quae</span> <span class='ocrx_word' id='word_1_197' title='bbox 1720 1671 1802 1711; x_wconf 88' lang='lat' dir='ltr'>fuit</span> 
     </span>
     <span class='ocr_line' id='line_1_26' title="bbox 106 1738 1802 1793; baseline 0 -13"><span class='ocrx_word' id='word_1_198' title='bbox 106 1753 313 1793; x_wconf 86' lang='lat' dir='ltr'>nmquam</span> <span class='ocrx_word' id='word_1_199' title='bbox 345 1738 538 1781; x_wconf 88' lang='lat' dir='ltr'>amicitia</span> <span class='ocrx_word' id='word_1_200' title='bbox 564 1739 855 1782; x_wconf 89' lang='lat' dir='ltr'>consularium</span> <span class='ocrx_word' id='word_1_201' title='bbox 886 1739 932 1780; x_wconf 92' lang='lat' dir='ltr'>in</span> <span class='ocrx_word' id='word_1_202' title='bbox 961 1741 1112 1780; x_wconf 89' lang='lat' dir='ltr'>nostra</span> <span class='ocrx_word' id='word_1_203' title='bbox 1137 1739 1309 1780; x_wconf 84' lang='lat' dir='ltr'>civitate</span> <span class='ocrx_word' id='word_1_204' title='bbox 1337 1739 1632 1781; x_wconf 70' lang='lat' dir='ltr'>coniunctior?</span> <span class='ocrx_word' id='word_1_205' title='bbox 1666 1741 1700 1781; x_wconf 86' lang='lat' dir='ltr'>si</span> <span class='ocrx_word' id='word_1_206' title='bbox 1729 1741 1802 1781; x_wconf 85' lang='lat' dir='ltr'>illa</span> 
     </span>
     <span class='ocr_line' id='line_1_27' title="bbox 107 1809 1801 1867; baseline -0.001 -16"><span class='ocrx_word' id='word_1_207' title='bbox 107 1809 267 1851; x_wconf 85' lang='lat' dir='ltr'>amoris</span> <span class='ocrx_word' id='word_1_208' title='bbox 299 1811 429 1864; x_wconf 88' lang='lat' dir='ltr'>atque</span> <span class='ocrx_word' id='word_1_209' title='bbox 461 1809 595 1867; x_wconf 83' lang='lat' dir='ltr'>officii</span> <span class='ocrx_word' id='word_1_210' title='bbox 628 1810 764 1866; x_wconf 85' lang='lat' dir='ltr'>signa,</span> <span class='ocrx_word' id='word_1_211' title='bbox 797 1809 899 1864; x_wconf 86' lang='lat' dir='ltr'>quid</span> <span class='ocrx_word' id='word_1_212' title='bbox 931 1809 1038 1850; x_wconf 90' lang='lat' dir='ltr'>mihi</span> <span class='ocrx_word' id='word_1_213' title='bbox 1071 1809 1142 1850; x_wconf 89' lang='lat' dir='ltr'>ille</span> <span class='ocrx_word' id='word_1_214' title='bbox 1174 1824 1261 1850; x_wconf 91' lang='lat' dir='ltr'>non</span> <span class='ocrx_word' id='word_1_215' title='bbox 1289 1809 1534 1851; x_wconf 77' lang='lat' dir='ltr'>commisit?</span> <span class='ocrx_word' id='word_1_216' title='bbox 1586 1810 1684 1864; x_wconf 86' lang='lat' dir='ltr'>quid</span> <span class='ocrx_word' id='word_1_217' title='bbox 1718 1825 1801 1851; x_wconf 80' lang='lat' dir='ltr'>non</span> 
     </span>
     <span class='ocr_line' id='line_1_28' title="bbox 107 1879 1803 1935; baseline -0.002 -12"><span class='ocrx_word' id='word_1_218' title='bbox 107 1896 274 1923; x_wconf 91' lang='lat' dir='ltr'>mecum</span> <span class='ocrx_word' id='word_1_219' title='bbox 300 1880 663 1922; x_wconf 83' lang='lat' dir='ltr'>communicavit?</span> <span class='ocrx_word' id='word_1_220' title='bbox 697 1879 798 1935; x_wconf 87' lang='lat' dir='ltr'>quid</span> <span class='ocrx_word' id='word_1_221' title='bbox 831 1881 879 1921; x_wconf 91' lang='lat' dir='ltr'>de</span> <span class='ocrx_word' id='word_1_222' title='bbox 914 1895 958 1921; x_wconf 89' lang='lat' dir='ltr'>se</span> <span class='ocrx_word' id='word_1_223' title='bbox 991 1880 1035 1920; x_wconf 90' lang='lat' dir='ltr'>in</span> <span class='ocrx_word' id='word_1_224' title='bbox 1067 1882 1232 1935; x_wconf 88' lang='lat' dir='ltr'>senatu,</span> <span class='ocrx_word' id='word_1_225' title='bbox 1263 1895 1359 1921; x_wconf 84' lang='lat' dir='ltr'>cum</span> <span class='ocrx_word' id='word_1_226' title='bbox 1391 1880 1481 1934; x_wconf 87' lang='lat' dir='ltr'>ipse</span> <span class='ocrx_word' id='word_1_227' title='bbox 1515 1881 1696 1934; x_wconf 83' lang='lat' dir='ltr'>abesset,</span> <span class='ocrx_word' id='word_1_228' title='bbox 1728 1895 1803 1934; x_wconf 84' lang='lat' dir='ltr'>per</span> 
     </span>
     <span class='ocr_line' id='line_1_29' title="bbox 107 1949 1802 2007; baseline -0.002 -13"><span class='ocrx_word' id='word_1_229' title='bbox 107 1966 367 2007; x_wconf 86' lang='lat' dir='ltr'>quemquam</span> <span class='ocrx_word' id='word_1_230' title='bbox 411 1951 482 2007; x_wconf 85' lang='lat' dir='ltr'>agi</span> <span class='ocrx_word' id='word_1_231' title='bbox 526 1951 711 1993; x_wconf 81' lang='lat' dir='ltr'>maluit?</span> <span class='ocrx_word' id='word_1_232' title='bbox 762 1951 918 2005; x_wconf 91' lang='lat' dir='ltr'>quibus</span> <span class='ocrx_word' id='word_1_233' title='bbox 959 1950 1030 1991; x_wconf 91' lang='lat' dir='ltr'>ille</span> <span class='ocrx_word' id='word_1_234' title='bbox 1070 1965 1135 1991; x_wconf 88' lang='lat' dir='ltr'>me</span> <span class='ocrx_word' id='word_1_235' title='bbox 1180 1951 1307 1992; x_wconf 86' lang='lat' dir='ltr'>rebus</span> <span class='ocrx_word' id='word_1_236' title='bbox 1350 1964 1437 1991; x_wconf 87' lang='lat' dir='ltr'>non</span> <span class='ocrx_word' id='word_1_237' title='bbox 1482 1949 1802 1991; x_wconf 84' lang='lat' dir='ltr'>ornatissimum</span> 
     </span>
     <span class='ocr_line' id='line_1_30' title="bbox 107 2020 1802 2078; baseline -0.002 -13"><span class='ocrx_word' id='word_1_238' title='bbox 107 2023 248 2065; x_wconf 87' lang='lat' dir='ltr'>voluit</span> <span class='ocrx_word' id='word_1_239' title='bbox 279 2022 576 2078; x_wconf 77' lang='lat' dir='ltr'>amplissime?</span> <span class='ocrx_word' id='word_1_240' title='bbox 622 2037 706 2077; x_wconf 88' lang='lat' dir='ltr'>qua</span> <span class='ocrx_word' id='word_1_241' title='bbox 732 2022 913 2076; x_wconf 89' lang='lat' dir='ltr'>denique</span> <span class='ocrx_word' id='word_1_242' title='bbox 946 2021 1018 2062; x_wconf 89' lang='lat' dir='ltr'>ille</span> <span class='ocrx_word' id='word_1_243' title='bbox 1044 2020 1264 2074; x_wconf 86' lang='lat' dir='ltr'>facilitate,</span> <span class='ocrx_word' id='word_1_244' title='bbox 1298 2036 1380 2075; x_wconf 83' lang='lat' dir='ltr'>qua</span> <span class='ocrx_word' id='word_1_245' title='bbox 1405 2021 1674 2062; x_wconf 81' lang='lat' dir='ltr'>humanitate</span> <span class='ocrx_word' id='word_1_246' title='bbox 1703 2021 1802 2062; x_wconf 87' lang='lat' dir='ltr'>tulit</span> 
     </span>
     <span class='ocr_line' id='line_1_31' title="bbox 107 2090 1802 2148; baseline -0.004 -11"><span class='ocrx_word' id='word_1_247' title='bbox 107 2094 428 2137; x_wconf 89' lang='lat' dir='ltr'>contentionem</span> <span class='ocrx_word' id='word_1_248' title='bbox 448 2108 588 2136; x_wconf 89' lang='lat' dir='ltr'>meam</span> <span class='ocrx_word' id='word_1_249' title='bbox 614 2108 692 2148; x_wconf 88' lang='lat' dir='ltr'>pro</span> <span class='ocrx_word' id='word_1_250' title='bbox 714 2092 874 2134; x_wconf 88' lang='lat' dir='ltr'>Milone</span> <span class='ocrx_word' id='word_1_251' title='bbox 908 2092 1159 2133; x_wconf 84' lang='lat' dir='ltr'>adversante</span> <span class='ocrx_word' id='word_1_252' title='bbox 1186 2091 1400 2132; x_wconf 84' lang='lat' dir='ltr'>interdum</span> <span class='ocrx_word' id='word_1_253' title='bbox 1422 2090 1662 2132; x_wconf 86' lang='lat' dir='ltr'>actionibus</span> <span class='ocrx_word' id='word_1_254' title='bbox 1685 2091 1802 2131; x_wconf 78' lang='lat' dir='ltr'>suis?</span> 
     </span>
     <span class='ocr_line' id='line_1_32' title="bbox 107 2160 1802 2220; baseline -0.004 -13"><span class='ocrx_word' id='word_1_255' title='bbox 107 2180 192 2220; x_wconf 89' lang='lat' dir='ltr'>quo</span> <span class='ocrx_word' id='word_1_256' title='bbox 225 2164 366 2207; x_wconf 90' lang='lat' dir='ltr'>studio</span> <span class='ocrx_word' id='word_1_257' title='bbox 398 2164 604 2219; x_wconf 88' lang='lat' dir='ltr'>providit,</span> <span class='ocrx_word' id='word_1_258' title='bbox 640 2179 692 2205; x_wconf 89' lang='lat' dir='ltr'>ne</span> <span class='ocrx_word' id='word_1_259' title='bbox 727 2178 834 2218; x_wconf 88' lang='lat' dir='ltr'>quae</span> <span class='ocrx_word' id='word_1_260' title='bbox 867 2177 934 2204; x_wconf 89' lang='lat' dir='ltr'>me</span> <span class='ocrx_word' id='word_1_261' title='bbox 966 2162 1082 2202; x_wconf 87' lang='lat' dir='ltr'>illius</span> <span class='ocrx_word' id='word_1_262' title='bbox 1115 2160 1322 2215; x_wconf 86' lang='lat' dir='ltr'>temporis</span> <span class='ocrx_word' id='word_1_263' title='bbox 1366 2161 1526 2202; x_wconf 84' lang='lat' dir='ltr'>invidia</span> <span class='ocrx_word' id='word_1_264' title='bbox 1557 2161 1802 2217; x_wconf 85' lang='lat' dir='ltr'>attingeret,</span> 
     </span>
     <span class='ocr_line' id='line_1_33' title="bbox 107 2231 1801 2290; baseline -0.004 -12"><span class='ocrx_word' id='word_1_265' title='bbox 107 2251 203 2279; x_wconf 89' lang='lat' dir='ltr'>cum</span> <span class='ocrx_word' id='word_1_266' title='bbox 235 2250 302 2277; x_wconf 90' lang='lat' dir='ltr'>me</span> <span class='ocrx_word' id='word_1_267' title='bbox 336 2235 536 2290; x_wconf 91' lang='lat' dir='ltr'>consilio,</span> <span class='ocrx_word' id='word_1_268' title='bbox 575 2250 671 2276; x_wconf 89' lang='lat' dir='ltr'>cum</span> <span class='ocrx_word' id='word_1_269' title='bbox 705 2233 980 2287; x_wconf 85' lang='lat' dir='ltr'>auctoritate,</span> <span class='ocrx_word' id='word_1_270' title='bbox 1020 2247 1115 2273; x_wconf 90' lang='lat' dir='ltr'>cum</span> <span class='ocrx_word' id='word_1_271' title='bbox 1155 2231 1284 2273; x_wconf 85' lang='lat' dir='ltr'>armis</span> <span class='ocrx_word' id='word_1_272' title='bbox 1323 2231 1503 2285; x_wconf 77' lang='lat' dir='ltr'>denique</span> <span class='ocrx_word' id='word_1_273' title='bbox 1543 2231 1650 2272; x_wconf 85' lang='lat' dir='ltr'>texit</span> <span class='ocrx_word' id='word_1_274' title='bbox 1683 2231 1801 2272; x_wconf 81' lang='lat' dir='ltr'>suis‘?</span> 
     </span>
     <span class='ocr_line' id='line_1_34' title="bbox 109 2302 1800 2362; baseline -0.004 -14"><span class='ocrx_word' id='word_1_275' title='bbox 109 2306 265 2362; x_wconf 89' lang='lat' dir='ltr'>quibus</span> <span class='ocrx_word' id='word_1_276' title='bbox 299 2306 471 2361; x_wconf 90' lang='lat' dir='ltr'>quidem</span> <span class='ocrx_word' id='word_1_277' title='bbox 503 2306 770 2361; x_wconf 86' lang='lat' dir='ltr'>temporibus</span> <span class='ocrx_word' id='word_1_278' title='bbox 799 2305 903 2346; x_wconf 87' lang='lat' dir='ltr'>haec</span> <span class='ocrx_word' id='word_1_279' title='bbox 935 2304 979 2344; x_wconf 91' lang='lat' dir='ltr'>in</span> <span class='ocrx_word' id='word_1_280' title='bbox 1011 2318 1060 2344; x_wconf 91' lang='lat' dir='ltr'>eo</span> <span class='ocrx_word' id='word_1_281' title='bbox 1093 2302 1294 2358; x_wconf 85' lang='lat' dir='ltr'>gravitas,</span> <span class='ocrx_word' id='word_1_282' title='bbox 1329 2302 1431 2343; x_wconf 87' lang='lat' dir='ltr'>haec</span> <span class='ocrx_word' id='word_1_283' title='bbox 1460 2302 1590 2342; x_wconf 84' lang='lat' dir='ltr'>animi</span> <span class='ocrx_word' id='word_1_284' title='bbox 1618 2302 1800 2343; x_wconf 86' lang='lat' dir='ltr'>altitudo</span> 
     </span>
    </p>
   </div>
   <div class='ocr_carea' id='block_1_9' title="bbox 57 2371 1799 2432">
    <p class='ocr_par' dir='ltr' id='par_1_9' title="bbox 57 2371 1799 2432">
     <span class='ocr_line' id='line_1_35' title="bbox 57 2371 1799 2432; baseline -0.005 -12"><span class='ocrx_word' id='word_1_285' title='bbox 57 2386 92 2412; x_wconf 85' lang='lat'>³⁰</span> <span class='ocrx_word' id='word_1_286' title='bbox 111 2377 212 2432; x_wconf 88' lang='lat' dir='ltr'>fuit,</span> <span class='ocrx_word' id='word_1_287' title='bbox 248 2392 336 2419; x_wconf 89' lang='lat' dir='ltr'>non</span> <span class='ocrx_word' id='word_1_288' title='bbox 372 2377 498 2419; x_wconf 85' lang='lat' dir='ltr'>modo</span> <span class='ocrx_word' id='word_1_289' title='bbox 537 2380 586 2418; x_wconf 89' lang='lat' dir='ltr'>ut</span> <span class='ocrx_word' id='word_1_290' title='bbox 617 2376 781 2431; x_wconf 82' lang='lat' dir='ltr'>Phrygi</span> <span class='ocrx_word' id='word_1_291' title='bbox 820 2375 948 2417; x_wconf 87' lang='lat' dir='ltr'>alicui</span> <span class='ocrx_word' id='word_1_292' title='bbox 986 2376 1060 2414; x_wconf 87' lang='lat' dir='ltr'>aut</span> <span class='ocrx_word' id='word_1_293' title='bbox 1092 2372 1297 2427; x_wconf 68' lang='lat' dir='ltr'>Lycaoni,</span> <span class='ocrx_word' id='word_1_294' title='bbox 1341 2372 1451 2425; x_wconf 84' lang='lat' dir='ltr'>quod</span> <span class='ocrx_word' id='word_1_295' title='bbox 1491 2375 1537 2411; x_wconf 92' lang='lat' dir='ltr'>tu</span> <span class='ocrx_word' id='word_1_296' title='bbox 1570 2372 1612 2411; x_wconf 85' lang='lat' dir='ltr'>in</span> <span class='ocrx_word' id='word_1_297' title='bbox 1644 2371 1799 2425; x_wconf 84' lang='lat' dir='ltr'>legatis</span> 
     </span>
    </p>
   </div>
   <div class='ocr_carea' id='block_1_10' title="bbox 110 2441 1800 2716">
    <p class='ocr_par' dir='ltr' id='par_1_10' title="bbox 110 2441 1800 2716">
     <span class='ocr_line' id='line_1_36' title="bbox 110 2441 1800 2504; baseline -0.007 -13"><span class='ocrx_word' id='word_1_298' title='bbox 110 2447 271 2504; x_wconf 85' lang='lat' dir='ltr'>fecisti,</span> <span class='ocrx_word' id='word_1_299' title='bbox 308 2448 380 2490; x_wconf 89' lang='lat' dir='ltr'>sed</span> <span class='ocrx_word' id='word_1_300' title='bbox 412 2463 464 2490; x_wconf 89' lang='lat' dir='ltr'>ne</span> <span class='ocrx_word' id='word_1_301' title='bbox 498 2462 765 2489; x_wconf 90' lang='lat' dir='ltr'>summorum</span> <span class='ocrx_word' id='word_1_302' title='bbox 805 2445 976 2500; x_wconf 87' lang='lat' dir='ltr'>quidem</span> <span class='ocrx_word' id='word_1_303' title='bbox 1014 2443 1235 2485; x_wconf 89' lang='lat' dir='ltr'>hominum</span> <span class='ocrx_word' id='word_1_304' title='bbox 1275 2441 1494 2482; x_wconf 86' lang='lat' dir='ltr'>malevolis</span> <span class='ocrx_word' id='word_1_305' title='bbox 1533 2441 1581 2481; x_wconf 80' lang='lat' dir='ltr'>de</span> <span class='ocrx_word' id='word_1_306' title='bbox 1620 2456 1685 2482; x_wconf 90' lang='lat' dir='ltr'>me</span> <span class='ocrx_word' id='word_1_307' title='bbox 1719 2456 1800 2482; x_wconf 82' lang='lat' dir='ltr'>ser-</span> 
     </span>
     <span class='ocr_line' id='line_1_37' title="bbox 111 2513 1798 2572; baseline -0.007 -10"><span class='ocrx_word' id='word_1_308' title='bbox 111 2519 310 2562; x_wconf 87' lang='lat' dir='ltr'>monibus</span> <span class='ocrx_word' id='word_1_309' title='bbox 350 2519 553 2561; x_wconf 87' lang='lat' dir='ltr'>crederet.</span> <span class='ocrx_word' id='word_1_310' title='bbox 608 2519 735 2560; x_wconf 86' lang='lat' dir='ltr'>huius</span> <span class='ocrx_word' id='word_1_311' title='bbox 774 2517 909 2572; x_wconf 86' lang='lat' dir='ltr'>igitur</span> <span class='ocrx_word' id='word_1_312' title='bbox 947 2514 1061 2555; x_wconf 89' lang='lat' dir='ltr'>filius</span> <span class='ocrx_word' id='word_1_313' title='bbox 1094 2528 1188 2554; x_wconf 91' lang='lat' dir='ltr'>cum</span> <span class='ocrx_word' id='word_1_314' title='bbox 1222 2513 1278 2553; x_wconf 89' lang='lat' dir='ltr'>sit</span> <span class='ocrx_word' id='word_1_315' title='bbox 1317 2526 1446 2567; x_wconf 88' lang='lat' dir='ltr'>gener</span> <span class='ocrx_word' id='word_1_316' title='bbox 1484 2514 1582 2551; x_wconf 86' lang='lat' dir='ltr'>tuus</span> <span class='ocrx_word' id='word_1_317' title='bbox 1621 2525 1798 2564; x_wconf 84' lang='lat' dir='ltr'>cumque</span> 
     </span>
     <span class='ocr_line' id='line_1_38' title="bbox 111 2580 1798 2646; baseline -0.007 -13"><span class='ocrx_word' id='word_1_318' title='bbox 111 2593 282 2646; x_wconf 84' lang='lat' dir='ltr'>praeter</span> <span class='ocrx_word' id='word_1_319' title='bbox 311 2591 422 2632; x_wconf 86' lang='lat' dir='ltr'>hanc</span> <span class='ocrx_word' id='word_1_320' title='bbox 455 2589 799 2632; x_wconf 86' lang='lat' dir='ltr'>coniunctionem</span> <span class='ocrx_word' id='word_1_321' title='bbox 825 2584 1071 2637; x_wconf 82' lang='lat' dir='ltr'>adfinitatis,</span> <span class='ocrx_word' id='word_1_322' title='bbox 1105 2598 1229 2637; x_wconf 85' lang='lat' dir='ltr'>quam</span> <span class='ocrx_word' id='word_1_323' title='bbox 1261 2583 1319 2623; x_wconf 88' lang='lat' dir='ltr'>sis</span> <span class='ocrx_word' id='word_1_324' title='bbox 1347 2582 1419 2623; x_wconf 78' lang='lat' dir='ltr'>Cn.</span> <span class='ocrx_word' id='word_1_325' title='bbox 1447 2580 1650 2634; x_wconf 81' lang='lat' dir='ltr'>Pompeio</span> <span class='ocrx_word' id='word_1_326' title='bbox 1677 2595 1798 2621; x_wconf 84' lang='lat' dir='ltr'>carus</span> 
     </span>
     <span class='ocr_line' id='line_1_39' title="bbox 113 2650 1799 2716; baseline -0.008 -12"><span class='ocrx_word' id='word_1_327' title='bbox 113 2676 324 2716; x_wconf 88' lang='lat' dir='ltr'>quamque</span> <span class='ocrx_word' id='word_1_328' title='bbox 357 2661 577 2714; x_wconf 88' lang='lat' dir='ltr'>iucundus,</span> <span class='ocrx_word' id='word_1_329' title='bbox 610 2659 872 2712; x_wconf 86' lang='lat' dir='ltr'>intellegam,</span> <span class='ocrx_word' id='word_1_330' title='bbox 904 2669 987 2709; x_wconf 88' lang='lat' dir='ltr'>quo</span> <span class='ocrx_word' id='word_1_331' title='bbox 1014 2654 1186 2695; x_wconf 86' lang='lat' dir='ltr'>tandem</span> <span class='ocrx_word' id='word_1_332' title='bbox 1213 2653 1354 2694; x_wconf 82' lang='lat' dir='ltr'>animo</span> <span class='ocrx_word' id='word_1_333' title='bbox 1382 2652 1424 2692; x_wconf 87' lang='lat' dir='ltr'>in</span> <span class='ocrx_word' id='word_1_334' title='bbox 1452 2654 1492 2691; x_wconf 83' lang='lat' dir='ltr'>te</span> <span class='ocrx_word' id='word_1_335' title='bbox 1519 2665 1611 2691; x_wconf 84' lang='lat' dir='ltr'>esse</span> <span class='ocrx_word' id='word_1_336' title='bbox 1638 2650 1799 2691; x_wconf 75' lang='lat' dir='ltr'>debeo?</span> 
     </span>
    </p>
   </div>
   <div class='ocr_carea' id='block_1_11' title="bbox 110 2744 332 2750">
    <p class='ocr_par' dir='ltr' id='par_1_11' title="bbox 110 2744 332 2750">
     <span class='ocr_line' id='line_1_40' title="bbox 110 2744 332 2750; baseline 0 0"><span class='ocrx_word' id='word_1_337' title='bbox 110 2744 332 2750; x_wconf 95' lang='lat' dir='ltr'> </span> 
     </span>
    </p>
   </div>
   <div class='ocr_carea' id='block_1_12' title="bbox 108 2765 1801 3202">
    <p class='ocr_par' dir='ltr' id='par_1_12' title="bbox 108 2765 1801 3202">
     <span class='ocr_line' id='line_1_41' title="bbox 231 2765 1779 2823; baseline -0.01 -4"><span class='ocrx_word' id='word_1_338' title='bbox 231 2786 260 2819; x_wconf 92' lang='grc'>1.</span> <span class='ocrx_word' id='word_1_339' title='bbox 293 2782 467 2818; x_wconf 84' lang='lat' dir='ltr'>Puteolos</span> <span class='ocrx_word' id='word_1_340' title='bbox 506 2782 633 2823; x_wconf 73' lang='lat' dir='ltr'>Orelli,</span> <span class='ocrx_word' id='word_1_341' title='bbox 665 2781 749 2815; x_wconf 77' lang='lat' dir='ltr'>benc</span> <span class='ocrx_word' id='word_1_342' title='bbox 779 2781 791 2822; x_wconf 94' lang='grc'>11</span> <span class='ocrx_word' id='word_1_343' title='bbox 822 2782 853 2812; x_wconf 86' lang='grc'>4.</span> <span class='ocrx_word' id='word_1_344' title='bbox 881 2765 1130 2817; x_wconf 75' lang='lat' dir='ltr'>nobilissime,</span> <span class='ocrx_word' id='word_1_345' title='bbox 1159 2773 1167 2807; x_wconf 90' lang='lat' dir='ltr'>i</span> <span class='ocrx_word' id='word_1_346' title='bbox 1195 2786 1217 2808; x_wconf 89' lang='grc' dir='ltr'>(ι</span> <span class='ocrx_word' id='word_1_347' title='bbox 1236 2786 1280 2808; x_wconf 82' lang='lat' dir='ltr'>m.</span> <span class='ocrx_word' id='word_1_348' title='bbox 1305 2777 1334 2816; x_wconf 95' lang='lat'>1,</span> <span class='ocrx_word' id='word_1_349' title='bbox 1360 2773 1407 2806; x_wconf 83' lang='lat' dir='ltr'><em>M</em></span> <span class='ocrx_word' id='word_1_350' title='bbox 1433 2774 1444 2815; x_wconf 93' lang='grc'>11</span> <span class='ocrx_word' id='word_1_351' title='bbox 1477 2775 1528 2805; x_wconf 82' lang='lat'>14.</span> <span class='ocrx_word' id='word_1_352' title='bbox 1557 2770 1706 2804; x_wconf 80' lang='lat' dir='ltr'>maioris</span> <span class='ocrx_word' id='word_1_353' title='bbox 1735 2771 1779 2804; x_wconf 76' lang='lat' dir='ltr'><em>M</em></span> 
     </span>
     <span class='ocr_line' id='line_1_42' title="bbox 114 2817 1799 2876; baseline -0.009 -11"><span class='ocrx_word' id='word_1_354' title='bbox 114 2833 167 2865; x_wconf 88' lang='lat'>15.</span> <span class='ocrx_word' id='word_1_355' title='bbox 193 2841 239 2865; x_wconf 88' lang='lat' dir='ltr'>ne</span> <span class='ocrx_word' id='word_1_356' title='bbox 265 2830 426 2876; x_wconf 83' lang='lat' dir='ltr'>coptari]</span> <span class='ocrx_word' id='word_1_357' title='bbox 451 2840 519 2864; x_wconf 87' lang='lat' dir='ltr'>nec</span> <span class='ocrx_word' id='word_1_358' title='bbox 545 2827 666 2872; x_wconf 85' lang='lat' dir='ltr'>optari</span> <span class='ocrx_word' id='word_1_359' title='bbox 692 2828 743 2870; x_wconf 76' lang='grc' dir='ltr'>Ω,</span> <span class='ocrx_word' id='word_1_360' title='bbox 775 2836 819 2859; x_wconf 89' lang='lat' dir='ltr'>ne</span> <span class='ocrx_word' id='word_1_361' title='bbox 847 2821 1012 2867; x_wconf 85' lang='lat' dir='ltr'>cooptari</span> <span class='ocrx_word' id='word_1_362' title='bbox 1039 2832 1069 2858; x_wconf 88' lang='grc' dir='ltr'>ς.</span> <span class='ocrx_word' id='word_1_363' title='bbox 1107 2822 1150 2864; x_wconf 83' lang='lat' dir='ltr'>cf.</span> <span class='ocrx_word' id='word_1_364' title='bbox 1179 2821 1389 2855; x_wconf 80' lang='lat' dir='ltr'>Lachmann</span> <span class='ocrx_word' id='word_1_365' title='bbox 1417 2819 1465 2852; x_wconf 79' lang='lat' dir='ltr'>ad</span> <span class='ocrx_word' id='word_1_366' title='bbox 1495 2819 1598 2852; x_wconf 82' lang='lat' dir='ltr'>Lucr.</span> <span class='ocrx_word' id='word_1_367' title='bbox 1623 2817 1664 2859; x_wconf 82' lang='lat' dir='ltr'>H,</span> <span class='ocrx_word' id='word_1_368' title='bbox 1689 2820 1772 2849; x_wconf 86' lang='grc'>1061</span> <span class='ocrx_word' id='word_1_369' title='bbox 1790 2819 1799 2857; x_wconf 77' lang='grc'>’,</span> 
     </span>
     <span class='ocr_line' id='line_1_43' title="bbox 113 2863 1798 2922; baseline -0.009 -11"><span class='ocrx_word' id='word_1_370' title='bbox 113 2880 166 2912; x_wconf 87' lang='grc'>16.</span> <span class='ocrx_word' id='word_1_371' title='bbox 182 2876 246 2922; x_wconf 91' lang='lat' dir='ltr'>qui</span> <span class='ocrx_word' id='word_1_372' title='bbox 265 2879 307 2912; x_wconf 90' lang='lat' dir='ltr'>ut</span> <span class='ocrx_word' id='word_1_373' title='bbox 322 2878 356 2913; x_wconf 88' lang='lat' dir='ltr'>G·</span> <span class='ocrx_word' id='word_1_374' title='bbox 374 2879 386 2922; x_wconf 92' lang='grc'>11</span> <span class='ocrx_word' id='word_1_375' title='bbox 406 2881 459 2911; x_wconf 90' lang='grc'>18.</span> <span class='ocrx_word' id='word_1_376' title='bbox 482 2878 568 2910; x_wconf 85' lang='lat' dir='ltr'>tuae</span> <span class='ocrx_word' id='word_1_377' title='bbox 585 2875 667 2917; x_wconf 82' lang='lat' dir='ltr'>GR,</span> <span class='ocrx_word' id='word_1_378' title='bbox 688 2874 793 2907; x_wconf 82' lang='lat' dir='ltr'>turae</span> <span class='ocrx_word' id='word_1_379' title='bbox 814 2872 861 2906; x_wconf 84' lang='lat' dir='ltr'><strong><em>M</em></strong></span> <span class='ocrx_word' id='word_1_380' title='bbox 875 2873 886 2915; x_wconf 95' lang='grc'>11</span> <span class='ocrx_word' id='word_1_381' title='bbox 906 2875 960 2904; x_wconf 75' lang='grc'>20.</span> <span class='ocrx_word' id='word_1_382' title='bbox 982 2868 1239 2903; x_wconf 80' lang='lat' dir='ltr'>restituturum</span> <span class='ocrx_word' id='word_1_383' title='bbox 1253 2868 1286 2901; x_wconf 77' lang='grc' dir='ltr'>,Ω</span> <span class='ocrx_word' id='word_1_384' title='bbox 1305 2869 1316 2910; x_wconf 88' lang='grc'>11</span> <span class='ocrx_word' id='word_1_385' title='bbox 1336 2870 1389 2900; x_wconf 69' lang='lat'>224.</span> <span class='ocrx_word' id='word_1_386' title='bbox 1413 2865 1527 2899; x_wconf 74' lang='lat' dir='ltr'>uoluit</span> <span class='ocrx_word' id='word_1_387' title='bbox 1547 2866 1578 2899; x_wconf 62' lang='grc' dir='ltr'>(ι’</span> <span class='ocrx_word' id='word_1_388' title='bbox 1598 2866 1610 2907; x_wconf 94' lang='grc'>11</span> <span class='ocrx_word' id='word_1_389' title='bbox 1629 2875 1685 2897; x_wconf 83' lang='lat' dir='ltr'>mc</span> <span class='ocrx_word' id='word_1_390' title='bbox 1708 2863 1798 2917; x_wconf 62' lang='lat' dir='ltr'>AJR,</span> 
     </span>
     <span class='ocr_line' id='line_1_44' title="bbox 112 2913 1799 2969; baseline -0.009 -11"><span class='ocrx_word' id='word_1_391' title='bbox 112 2923 151 2958; x_wconf 85' lang='lat' dir='ltr'>in</span> <span class='ocrx_word' id='word_1_392' title='bbox 171 2924 205 2960; x_wconf 82' lang='lat' dir='ltr'><em>G</em></span> <span class='ocrx_word' id='word_1_393' title='bbox 223 2926 236 2969; x_wconf 91' lang='grc'>11</span> <span class='ocrx_word' id='word_1_394' title='bbox 255 2924 532 2959; x_wconf 83' lang='lat' dir='ltr'>ornatissimum</span> <span class='ocrx_word' id='word_1_395' title='bbox 551 2924 596 2966; x_wconf 74' lang='grc' dir='ltr'>Ω,</span> <span class='ocrx_word' id='word_1_396' title='bbox 622 2922 716 2966; x_wconf 70' lang='lat' dir='ltr'>quod</span> <span class='ocrx_word' id='word_1_397' title='bbox 743 2922 782 2954; x_wconf 82' lang='grc' dir='ltr'>ίη</span> <span class='ocrx_word' id='word_1_398' title='bbox 807 2923 877 2954; x_wconf 81' lang='lat' dir='ltr'>tam</span> <span class='ocrx_word' id='word_1_399' title='bbox 907 2917 1046 2952; x_wconf 74' lang='lat' dir='ltr'>tumida</span> <span class='ocrx_word' id='word_1_400' title='bbox 1067 2916 1275 2959; x_wconf 77' lang='lat' dir='ltr'>praesertim</span> <span class='ocrx_word' id='word_1_401' title='bbox 1304 2914 1412 2947; x_wconf 65' lang='lat' dir='ltr'>{veiim</span> <span class='ocrx_word' id='word_1_402' title='bbox 1432 2913 1499 2947; x_wconf 77' lang='lat' dir='ltr'>loci</span> <span class='ocrx_word' id='word_1_403' title='bbox 1519 2913 1799 2964; x_wconf 60' lang='lat' dir='ltr'>conformatione</span> 
     </span>
     <span class='ocr_line' id='line_1_45' title="bbox 113 2958 1799 3014; baseline -0.01 -8"><span class='ocrx_word' id='word_1_404' title='bbox 113 2973 302 3006; x_wconf 63' lang='lat' dir='ltr'>termidum</span> <span class='ocrx_word' id='word_1_405' title='bbox 335 2972 496 3014; x_wconf 80' lang='lat' dir='ltr'>videtur,</span> <span class='ocrx_word' id='word_1_406' title='bbox 533 2970 701 3004; x_wconf 85' lang='lat' dir='ltr'>ornatum</span> <span class='ocrx_word' id='word_1_407' title='bbox 735 2978 771 3009; x_wconf 84' lang='grc' dir='ltr'>ς,</span> <span class='ocrx_word' id='word_1_408' title='bbox 811 2965 977 2998; x_wconf 81' lang='lat' dir='ltr'>ornatum</span> <span class='ocrx_word' id='word_1_409' title='bbox 1019 2973 1099 2996; x_wconf 78' lang='lat' dir='ltr'>esse</span> <span class='ocrx_word' id='word_1_410' title='bbox 1134 2962 1255 2996; x_wconf 77' lang='lat' dir='ltr'>Orelli.</span> <span class='ocrx_word' id='word_1_411' title='bbox 1300 2962 1343 3003; x_wconf 74' lang='lat' dir='ltr'>es.</span> <span class='ocrx_word' id='word_1_412' title='bbox 1381 2960 1439 2994; x_wconf 71' lang='grc' dir='ltr'>ΟΜ</span> <span class='ocrx_word' id='word_1_413' title='bbox 1470 2970 1555 2992; x_wconf 52' lang='lat' dir='ltr'>men,</span> <span class='ocrx_word' id='word_1_414' title='bbox 1585 2958 1675 3001; x_wconf 67' lang='lat' dir='ltr'>pha.</span> <span class='ocrx_word' id='word_1_415' title='bbox 1710 2960 1799 3010; x_wconf 50' lang='lat'>1575</span> 
     </span>
     <span class='ocr_line' id='line_1_46' title="bbox 108 3004 1801 3062; baseline -0.011 -6"><span class='ocrx_word' id='word_1_416' title='bbox 108 3029 146 3062; x_wconf 75' lang='lat' dir='ltr'>p.</span> <span class='ocrx_word' id='word_1_417' title='bbox 168 3020 339 3062; x_wconf 76' lang='grc'>7921126.</span> <span class='ocrx_word' id='word_1_418' title='bbox 367 3018 588 3053; x_wconf 84' lang='lat' dir='ltr'>aduersante</span> <span class='ocrx_word' id='word_1_419' title='bbox 615 3016 661 3058; x_wconf 81' lang='lat' dir='ltr'>R,</span> <span class='ocrx_word' id='word_1_420' title='bbox 688 3013 944 3048; x_wconf 65' lang='lat' dir='ltr'>aduersantem</span> <span class='ocrx_word' id='word_1_421' title='bbox 975 3010 1051 3044; x_wconf 80' lang='lat' dir='ltr'>MG</span> <span class='ocrx_word' id='word_1_422' title='bbox 1071 3011 1082 3053; x_wconf 93' lang='grc'>11</span> <span class='ocrx_word' id='word_1_423' title='bbox 1102 3012 1155 3042; x_wconf 78' lang='lat'>27.</span> <span class='ocrx_word' id='word_1_424' title='bbox 1184 3019 1255 3051; x_wconf 92' lang='lat' dir='ltr'>quo</span> <span class='ocrx_word' id='word_1_425' title='bbox 1278 3008 1348 3041; x_wconf 61' lang='lat' dir='ltr'>(ili</span> <span class='ocrx_word' id='word_1_426' title='bbox 1375 3006 1439 3046; x_wconf 62' lang='lat' dir='ltr'>‘G&#39;</span> <span class='ocrx_word' id='word_1_427' title='bbox 1467 3018 1510 3039; x_wconf 64' lang='lat' dir='ltr'>m·</span> <span class='ocrx_word' id='word_1_428' title='bbox 1535 3016 1617 3048; x_wconf 75' lang='lat' dir='ltr'>que,</span> <span class='ocrx_word' id='word_1_429' title='bbox 1642 3009 1682 3039; x_wconf 76' lang='lat' dir='ltr'>ut</span> <span class='ocrx_word' id='word_1_430' title='bbox 1704 3004 1801 3055; x_wconf 66' lang='lat' dir='ltr'>vid),</span> 
     </span>
     <span class='ocr_line' id='line_1_47' title="bbox 113 3050 1798 3110; baseline -0.01 -10"><span class='ocrx_word' id='word_1_431' title='bbox 113 3064 212 3108; x_wconf 86' lang='lat' dir='ltr'>quod</span> <span class='ocrx_word' id='word_1_432' title='bbox 238 3066 285 3099; x_wconf 90' lang='lat' dir='ltr'><em>M</em></span> <span class='ocrx_word' id='word_1_433' title='bbox 311 3067 323 3110; x_wconf 88' lang='grc'>11</span> <span class='ocrx_word' id='word_1_434' title='bbox 354 3075 398 3099; x_wconf 90' lang='lat' dir='ltr'>ne</span> <span class='ocrx_word' id='word_1_435' title='bbox 432 3065 543 3109; x_wconf 78' lang='lat' dir='ltr'>quae]</span> <span class='ocrx_word' id='word_1_436' title='bbox 576 3074 693 3106; x_wconf 78' lang='lat' dir='ltr'>neque</span> <span class='ocrx_word' id='word_1_437' title='bbox 722 3061 779 3101; x_wconf 81' lang='lat' dir='ltr'>M,</span> <span class='ocrx_word' id='word_1_438' title='bbox 813 3070 856 3093; x_wconf 83' lang='lat' dir='ltr'>ne</span> <span class='ocrx_word' id='word_1_439' title='bbox 889 3068 962 3101; x_wconf 81' lang='lat' dir='ltr'>qua</span> <span class='ocrx_word' id='word_1_440' title='bbox 995 3056 1066 3091; x_wconf 80' lang='lat' dir='ltr'>GR</span> <span class='ocrx_word' id='word_1_441' title='bbox 1097 3058 1108 3099; x_wconf 92' lang='grc'>11</span> <span class='ocrx_word' id='word_1_442' title='bbox 1140 3058 1193 3089; x_wconf 77' lang='lat'>28.</span> <span class='ocrx_word' id='word_1_443' title='bbox 1228 3054 1383 3097; x_wconf 59' lang='lat' dir='ltr'>denique</span> <span class='ocrx_word' id='word_1_444' title='bbox 1416 3064 1480 3086; x_wconf 80' lang='grc' dir='ltr'>υηι.</span> <span class='ocrx_word' id='word_1_445' title='bbox 1510 3053 1540 3085; x_wconf 81' lang='grc' dir='ltr'>(ι’</span> <span class='ocrx_word' id='word_1_446' title='bbox 1573 3054 1584 3094; x_wconf 92' lang='grc'>11</span> <span class='ocrx_word' id='word_1_447' title='bbox 1616 3055 1670 3103; x_wconf 38' lang='grc'><strong>30..</strong></span> <span class='ocrx_word' id='word_1_448' title='bbox 1704 3050 1798 3094; x_wconf 73' lang='lat' dir='ltr'>frygi</span> 
     </span>
     <span class='ocr_line' id='line_1_48' title="bbox 114 3096 1798 3156; baseline -0.01 -9"><span class='ocrx_word' id='word_1_449' title='bbox 114 3109 227 3145; x_wconf 84' lang='lat' dir='ltr'>alicui</span> <span class='ocrx_word' id='word_1_450' title='bbox 253 3112 306 3155; x_wconf 84' lang='lat' dir='ltr'>M,</span> <span class='ocrx_word' id='word_1_451' title='bbox 332 3111 444 3156; x_wconf 80' lang='lat' dir='ltr'>frigia,</span> <span class='ocrx_word' id='word_1_452' title='bbox 469 3110 559 3145; x_wconf 85' lang='lat' dir='ltr'>licui</span> <span class='ocrx_word' id='word_1_453' title='bbox 587 3111 631 3154; x_wconf 86' lang='lat' dir='ltr'>G,</span> <span class='ocrx_word' id='word_1_454' title='bbox 658 3105 832 3154; x_wconf 87' lang='lat' dir='ltr'>phrigiali</span> <span class='ocrx_word' id='word_1_455' title='bbox 859 3104 918 3139; x_wconf 83' lang='lat' dir='ltr'>cui</span> <span class='ocrx_word' id='word_1_456' title='bbox 945 3104 980 3139; x_wconf 79' lang='lat' dir='ltr'><em>R</em></span> <span class='ocrx_word' id='word_1_457' title='bbox 1005 3105 1016 3147; x_wconf 93' lang='grc'>11</span> <span class='ocrx_word' id='word_1_458' title='bbox 1043 3105 1107 3136; x_wconf 87' lang='lat' dir='ltr'>aut</span> <span class='ocrx_word' id='word_1_459' title='bbox 1132 3114 1196 3137; x_wconf 84' lang='lat' dir='ltr'>om.</span> <span class='ocrx_word' id='word_1_460' title='bbox 1226 3102 1258 3137; x_wconf 87' lang='lat' dir='ltr'><strong><em>G</em></strong></span> <span class='ocrx_word' id='word_1_461' title='bbox 1284 3103 1295 3144; x_wconf 90' lang='grc'>11</span> <span class='ocrx_word' id='word_1_462' title='bbox 1320 3100 1453 3134; x_wconf 79' lang='lat' dir='ltr'>licaoni</span> <span class='ocrx_word' id='word_1_463' title='bbox 1479 3100 1513 3132; x_wconf 78' lang='grc' dir='ltr'>Ω.</span> <span class='ocrx_word' id='word_1_464' title='bbox 1537 3100 1549 3142; x_wconf 93' lang='grc'>11</span> <span class='ocrx_word' id='word_1_465' title='bbox 1575 3101 1628 3132; x_wconf 75' lang='lat'>34.</span> <span class='ocrx_word' id='word_1_466' title='bbox 1656 3096 1798 3132; x_wconf 79' lang='lat' dir='ltr'>intelle-</span> 
     </span>
     <span class='ocr_line' id='line_1_49' title="bbox 113 3157 322 3202; baseline 0.005 -10"><span class='ocrx_word' id='word_1_467' title='bbox 113 3157 248 3202; x_wconf 86' lang='lat' dir='ltr'>gebam</span> <span class='ocrx_word' id='word_1_468' title='bbox 272 3159 322 3193; x_wconf 88' lang='lat' dir='ltr'><strong><em>M</em></strong></span> 
     </span>
    </p>
   </div>
   <div class='ocr_carea' id='block_1_13' title="bbox 1831 1402 1870 1431">
    <p class='ocr_par' dir='ltr' id='par_1_13' title="bbox 1831 1402 1870 1431">
     <span class='ocr_line' id='line_1_50' title="bbox 1831 1402 1870 1431; baseline 0.026 -1"><span class='ocrx_word' id='word_1_469' title='bbox 1831 1402 1870 1431; x_wconf 88' lang='lat'>10</span> 
     </span>
    </p>
   </div>
  </div>
 </body>
</html>
