2242 3496
360 701 377 730 [ἐκ

414 157 495 197 142
1008 154 1055 188 M.
1083 153 1223 187 TVLLI
1249 151 1500 188 CICERONIS

410 265 512 320 ceri,
557 264 593 307 si
632 264 732 319 quid
771 265 884 304 esset
923 261 1149 316 eiusmodi,
1195 261 1309 315 quod
1349 276 1497 303 eorum
1535 261 1701 303 animos
1740 278 1826 304 11011
1865 263 2108 318 offenderet,

410 340 484 378 aut
529 336 659 378 etiam
703 348 859 389 negare
898 335 941 373 et
980 332 1144 373 adferre
1190 332 1422 387 rationem,
1466 347 1541 374 cur
1580 336 1807 388 negarent,
1852 334 1952 376 huic
1990 348 2108 375 meae

409 407 625 462 rogationi
664 405 808 459 potius
847 418 934 444 non
971 403 1177 445 continuo
1216 404 1544 458 responderunt,
1588 404 1736 445 eodem
1774 405 1840 445 (110
1879 407 2025 446 tamen
2056 405 2109 446 ad

408 493 474 519 me
500 477 785 529 reverterunt,
817 473 923 515 mihi
948 473 1030 515 hoc
1057 474 1274 528 dederunt,
1306 477 1355 515 ut
1388 489 1502 515 esses
1529 474 1574 515 in
1602 473 1760 529 Sicilia,
1792 476 1932 529 quoad
1958 475 2106 529 velles3

407 563 451 589 se
496 549 793 602 praestaturos
837 546 947 587 nihil
991 560 1042 586 ex
1087 560 1135 586 eo
1182 548 1223 586 te
1268 545 1516 586 offensionis
1562 545 1822 588 habiturum.
1891 546 2107 600 quoniam,
2145 558 2161 583 5

406 619 508 672 quid
546 617 627 658 tibi
667 617 964 671 permittatur,
1007 616 1224 672 cognosti,
1264 616 1365 671 quid
1404 616 1511 657 mihi
1549 615 1736 670 placeat,
1772 620 1878 671 puto
1917 620 1959 658 te
1999 617 2107 658 scire

407 691 614 743 oportere.
677 688 786 740 actis
824 688 892 729 his
929 688 1057 729 rebus
1090 686 1261 728 litterae
1294 702 1318 728 a
1349 690 1391 728 te
1425 687 1531 728 mihi
1570 687 1763 728 redditae
1796 690 1912 742 sunt,
1952 687 2106 742 quibus

405 775 429 800 a
462 774 528 800 me
562 759 790 801 consilium
828 759 959 814 petis,
999 759 1100 813 quid
1140 758 1221 799 sim
1260 758 1341 799 tibi
1381 761 1548 812 auctor,
1590 758 1635 799 in
1669 757 1871 800 Siciliane
1910 758 2107 800 subsidas

404 846 457 872 an
494 833 542 871 ut
580 831 632 871 ad
674 830 876 885 reliquias
916 829 1135 871 Asiaticae
1179 829 1492 885 negotiationis
1537 829 1821 884 proficiscare.
1882 829 1987 871 haec
2031 832 2108 871 tua

403 901 657 943 deliberatio
695 916 783 942 non
821 901 928 942 mihi
970 900 1196 942 convenire
1235 900 1328 942 visa
1366 903 1432 941 est
1471 915 1567 942 cum
1607 900 1802 942 oratione
1840 900 1990 956 Largi,
2034 901 2106 941 ille
2128 914 2161 938 10

402 973 516 1014 enim
555 987 740 1026 mecum,
783 972 905 1026 quasi
943 972 1025 1013 tibi
1061 986 1149 1013 non
1186 972 1336 1014 liceret
1374 972 1418 1013 in
1452 970 1600 1013 Sicilia
1637 971 1798 1013 diutius
1838 968 2106 1026 commorari,

401 1044 462 1085 ita
493 1044 663 1085 locutus
696 1045 800 1098 erat,
833 1046 881 1084 tu
914 1046 1072 1097 autem,
1105 1043 1228 1097 quasi
1261 1057 1512 1084 concessum
1544 1043 1620 1098 sit,
1651 1043 1713 1084 ita
1746 1043 1970 1084 deliberas.
2033 1043 2104 1084 sed

401 1129 501 1170 ego,
534 1115 622 1156 sive
654 1115 737 1156 1100
770 1114 859 1155 sive
891 1114 998 1156 illud
1031 1104 1123 1169 est,
1156 1115 1199 1155 in
1234 1113 1383 1156 Sicilia
1416 1129 1566 1156 censeo
1601 1114 1970 1156 commorandum:
2007 1128 2105 1168 pro-

400 1186 621 1240 pinquitas
666 1186 860 1228 locorum
899 1185 968 1227 vel
1006 1186 1059 1227 ad
1103 1186 1423 1240 impetrandum
1468 1186 1615 1226 adiuat
1660 1185 1821 1227 crebris
1860 1184 2021 1226 litteris
2063 1187 2106 1226 et

398 1258 565 1299 nuntiis
602 1258 670 1299 vel
708 1258 762 1299 ad
799 1257 963 1298 reditus
1009 1257 1273 1299 celeritatem
1314 1272 1358 1298 re
1400 1260 1476 1298 aut
1518 1257 1770 1311 impetrata,
1815 1257 1929 1311 quod
1967 1271 2105 1311 spero,
2126 1271 2160 1297 15

401 1331 476 1370 aut
508 1329 653 1383 aliqua
684 1328 852 1370 ratione
885 1328 1096 1383 confecta,
1137 1329 1417 1384 quamobrem
1457 1343 1609 1370 censeo
1642 1342 1801 1384 magno
1835 1343 1963 1382 opere
1996 1343 2107 1369 com-

400 1400 667 1441 morandum.
729 1399 774 1440 T.
807 1398 1013 1440 Furfanio
1047 1399 1276 1455 Postumo,
1320 1399 1523 1440 familiari
1562 1413 1675 1453 meo,
1718 1398 1962 1454 legatisque
2002 1399 2106 1454 eius,

399 1471 503 1512 item
542 1472 649 1513 meis
688 1470 993 1525 familiaribus,
1036 1470 1367 1526 diligentissime
1400 1474 1443 1512 te
1482 1470 1811 1524 commendabo,
1850 1485 1947 1512 cum
1985 1486 2106 1513 vene-

400 1542 504 1598 rint,
543 1545 666 1584 erant
698 1543 812 1584 enim
851 1557 998 1584 omnes
1031 1541 1240 1584 Mutinae:
1281 1542 1363 1584 viri
1402 1545 1503 1584 sunt
1536 1541 1691 1596 optimi
1724 1544 1767 1582 et
1799 1542 1864 1582 tui
1897 1542 2105 1584 similium

400 1614 583 1655 studiosi
616 1617 659 1655 et
691 1613 776 1655 mei
807 1614 1050 1655 necessarii.
1114 1628 1221 1668 quae
1253 1613 1361 1654 mihi
1393 1613 1565 1655 venient
1597 1613 1641 1654 in
1674 1615 1880 1667 mentem,
1913 1628 2019 1668 quae
2052 1614 2106 1655 ad
2125 1629 2159 1653 20

398 1688 440 1726 te
472 1685 687 1739 pertinere
715 1685 971 1739 arbitrabor,
1005 1700 1054 1726 ea
1086 1700 1181 1726 mea
1207 1688 1360 1739 sponte
1386 1684 1560 1726 faciam:
1594 1684 1629 1725 si
1664 1684 1766 1738 quid
1797 1684 2022 1740 ignorabo,
2054 1685 2104 1725 de

399 1771 447 1797 eo
488 1756 734 1798 admonitus
775 1756 967 1797 omnium
1006 1756 1149 1797 studia
1187 1756 1367 1797 vincam.
1429 1771 1509 1811 ego
1549 1756 1632 1798 etsi
1671 1771 1816 1797 coram
1847 1756 1897 1797 de
1931 1759 1974 1797 te
2007 1771 2104 1797 cum

398 1827 605 1868 Furfanio
644 1828 706 1869 ita
744 1828 912 1882 loquar,
954 1831 1002 1868 ut
1041 1828 1122 1868 tibi
1160 1828 1320 1868 litteris
1360 1828 1466 1868 meis
1506 1827 1559 1868 ad
1598 1842 1695 1868 eum
1735 1827 1844 1868 nihil
1886 1842 1993 1882 opus
2033 1827 2103 1882 sit,

400 1901 564 1953 tamen,
616 1899 819 1954 quoniam
863 1899 951 1940 tuis
1002 1899 1166 1953 placuit
1211 1902 1253 1939 te
1298 1899 1456 1940 habere
1502 1913 1619 1940 meas
1670 1899 1862 1952 litteras,
1913 1913 2018 1953 quas
2064 1898 2103 1939 ei

398 1971 608 2026 redderes,
639 1986 803 2013 morem
836 1971 896 2012 eis
930 1971 1061 2026 gessi:
1094 1985 1241 2011 earum
1274 1971 1518 2012 litterarum
1551 1970 1795 2024 exemplum
1827 1969 1940 2010 infra
1972 1969 2102 2024 scrip·
2122 1984 2155 2009 25

398 2044 491 2081 tum
523 2045 599 2083 est.

1119 2161 1193 2203 IX.
1243 2159 1379 2218 (244.)

754 2280 812 2322 M.
844 2279 1054 2323 cicnao
1088 2279 1393 2322 FVRFANIO
1429 2278 1665 2322 Paocos.
1700 2278 1740 2321 3.

516 2388 625 2430 Cum
656 2389 704 2430 A.
733 2388 916 2430 Caecina
948 2390 1071 2429 tanta
1103 2387 1210 2428 mihi
1241 2386 1515 2428 familiaritas
1549 2387 1898 2441 consuetudoque
1931 2402 2100 2441 semper

395 2460 497 2513 fuit,
536 2463 583 2501 ut
614 2460 733 2501 nulla
764 2460 902 2500 maior
934 2474 1025 2500 esse
1057 2459 1214 2512 possit,
1252 2473 1353 2499 nam
1385 2461 1429 2499 et
1460 2460 1583 2513 patre
1622 2458 1732 2513 eius,
1771 2458 1886 2500 claro
1925 2459 2098 2499 homine
2119 2478 2153 2503 30

516 2593 544 2622 1.
573 2599 699 2622 eorum
726 2588 885 2633 animos]
913 2587 1027 2622 etiam
1052 2598 1188 2632 negare
1215 2587 1251 2621 R
1283 2588 1294 2631 11
1327 2590 1356 2621 3.
1384 2585 1572 2631 rogationi
1598 2587 1654 2631 M,
1679 2586 1818 2621 rationi
1846 2587 1927 2622 GR
1954 2587 2098 2632 supple-

396 2640 513 2670 menta
539 2657 583 2661 —
609 2647 686 2681 rog.
721 2635 809 2682 <vel
840 2617 1121 2681 flagitationi>U
1133 2636 1209 2679 pot
1248 2646 1326 2669 sim
1358 2656 1396 2658 —
1426 2639 1514 2669 recte
1552 2635 1796 2678 repudiarunt
1829 2635 2030 2669 Manutius
2066 2639 2099 2668 et

396 2683 572 2718 S'treicher
603 2685 614 2728 ΙΙ
645 2688 676 2717 4.
710 2685 752 2717 ut
783 2694 839 2717 033
835 2694 881 2717 es
913 2695 952 2716 111
979 2682 1123 2751 Sicilia]
1158 2683 1200 2715 ut
1232 2692 1311 2716 esse
1344 2681 1483 2727 singuli
1510 2693 1532 2715 a
1558 2681 1618 2726 M,
1648 2683 1686 2716 te
1719 2692 1798 2716 esse
1830 2681 1870 2715 in
1902 2681 2024 2716 sicilia
2047 2681 2096 2724 R,

398 2759 496 2793 etin
522 2759 671 2805 singula
698 2761 731 2795 G
762 2762 773 2805 ll
805 2760 928 2804 quoad
954 2760 1085 2803 uellet,
1119 2771 1207 2794 corr.
1235 2771 1279 2794 m.
1307 2762 1339 2803 1,
1368 2759 1417 2802 G,
1451 2770 1522 2803 quo
1557 2758 1723 2793 aduelles
1749 2759 1831 2793 MR
1862 2759 1874 2803 ss
1905 2761 1935 2792 6.
1964 2768 2096 2803 cogno-

396 2807 485 2840 uisti
507 2789 602 2842 GRc>
607 2810 618 2852 ΙΙ
646 2808 795 2852 placeat
820 2808 942 2843 01116-
973 2810 1036 2852 117
1042 2837 1047 2842 .
1075 2788 1167 2841 inihi
1191 2818 1256 2841 om.
1278 2807 1314 2841 R
1345 2808 1356 2851 l]
1389 2810 1419 2841 S
1448 2817 1470 2840 a
1490 2806 1673 2851 6:1⁶1less
1693 2805 1764 2840 tibi
1790 2805 1859 2839 sim
1881 2806 1914 2839 G
1950 2806 1962 2849 ΙΙ
1999 2805 2096 2851 (ut)

398 2854 568 2888 subsidas
596 2856 806 2900 Wesenberg]
837 2857 848 2899 11
880 2855 1074 2889 subsideas
1104 2855 1176 2889 GR
1207 2856 1218 2899 Η
1252 2858 1293 2887 12
1339 2854 1404 2899 sit]
1439 2853 1511 2888 tibi
1544 2853 1590 2887 sit
1619 2854 1652 2888 G
1684 2855 1695 2897 ΙΙ
1728 2856 1780 2886 13.
1809 2863 2095 2886 commemoran-

399 2900 484 2933 dum
510 2902 554 2934 M
584 2904 595 2945 Η
631 2906 680 2936 14.
710 2902 867 2936 adiuuat
894 2902 975 2936 GR.
1011 2901 1208 2936 adiuvabit
1233 2903 1300 2936 alii
1331 2903 1342 2945 11
1376 2905 1427 2935 15.
1455 2901 1509 2935 101
1535 2902 1602 2935 aut
1625 2899 1861 2944 impetranda
1889 2899 1923 2934 G
1954 2901 1965 2943 11
1997 2900 2095 2943 quod

400 2948 486 2989 (rR,
527 2952 592 2981 aut
626 2950 726 2992 quod.
751 2950 800 2983 M
826 2951 837 2993 11
870 2952 923 2983 16
957 2960 1182 2994 magnopere
1216 2949 1288 2983 GR
1319 2951 1330 2993 Η
1364 2952 1417 2983 17.
1444 2953 1477 2983 et
1502 2951 1556 2982 23.
1590 2946 1781 2992 Furfanio]
1819 2946 1968 2980 furfano
2001 2947 2094 2990 MR,

396 2993 545 3028 fuisano
574 2996 616 3029 G.
653 2998 698 3039 cf.
726 2997 841 3031 Klein
870 2996 1295 3041 ‘Vencaltmzysbeamte⁷
1324 2996 1399 3040 lp.
1422 2997 1569 3040 771118.
1598 2993 1814 3037 dignissime
1842 2993 1876 3028 G
1901 2995 1912 3038 ΙΙ
1938 2997 1994 3028 25.
2023 2976 2094 3040 eis]⁷

396 3039 455 3073 his
481 3042 524 3084 Ω,
551 3042 597 3075 113
625 3055 644 3080 ς
664 3045 675 3087 ΙΙ
695 3048 749 3077 28
777 3044 825 3077 M.
853 3055 918 3078 om.
948 3044 981 3078 G
1000 3045 1011 3087 Η
1030 3043 1222 3089 Furfanio]
1250 3043 1397 3077 furfano
1424 3043 1517 3086 MR,
1543 3041 1694 3074 fursano
1722 3040 1766 3084 G,
1793 3040 1891 3087 (T.)
1915 3040 2093 3076 Furfanio

399 3117 530 3152 Batitew
554 3120 565 3161 11
591 3121 777 3162 3O.pat1e
804 3121 857 3164 M,
884 3098 951 3164 pat
978 3120 1022 3164 G,
1048 3122 1154 3163 pater
1180 3120 1217 3154 R
