2242 3496
808 197 1143 233 El'IS'rVLARVM
1175 201 1195 234 l.
1224 205 1254 236 9.
1821 205 1875 244 23

496 305 716 345 cantatum
749 319 1045 358 provocemus:
1079 308 1113 348 si
1150 309 1341 350 laudabit
1374 310 1476 351 haec

495 374 610 415 illius
645 374 840 445 formam,
873 379 917 417 tu
952 377 1077 418 liuius
1111 382 1269 422 contra.
1326 380 1505 434 denique

495 459 572 499 par
603 460 681 499 pro
714 446 806 499 pari
840 447 1016 502 referto,
1049 449 1160 502 quod
1193 465 1285 491 eam
1320 450 1520 492 mordeat.

181 551 242 592 sic
281 550 412 606 petivi
445 566 469 592 a
502 550 732 604 iudicibus,
770 555 835 605 ut,
878 554 1079 606 quoniam
1113 555 1283 608 qnidam
1323 557 1488 598 nobiles
1522 558 1715 599 homines
1749 563 1791 600 et
1823 561 1872 600 ‹h-

145 636 162 661 5
181 635 247 662 me
275 621 437 675 optime
464 620 605 662 meriti
633 621 760 662 nimis
790 627 984 664 amarent
1010 624 1229 666 inimicum
1261 642 1399 668 meum
1428 644 1577 682 meque
1606 629 1872 683 inspectante

179 706 305 746 saepe
349 706 445 733 eum
485 692 529 733 in
568 695 719 733 senatu
765 693 890 734 modo
930 708 1073 735 severe
1119 696 1386 752 seducerent,
1432 700 1556 740 modo
1602 699 1874 741 familiariter

179 765 308 817 atque
329 762 464 804 hilare
491 763 851 816 amplexarentur,
881 765 1166 820 quoniamque
1194 766 1253 807 illi
1282 768 1489 810 haberent
1517 785 1639 811 suum
1660 770 1873 825 Publium,

178 833 330 875 darent
366 832 473 874 mihi
510 832 594 887 ipsi
636 833 767 874 alium
807 833 1029 889 Publium,
1074 836 1116 877 in
1156 852 1238 891 quo
1278 853 1447 892 possem
1494 841 1664 881 illorum
1707 842 1872 883 animos

178 904 450 946 mediocriter
476 904 702 946 lacessitus
729 904 881 946 leviter
907 920 1162 961 repungere,
1195 923 1330 962 neque
1358 910 1494 950 solum
1517 911 1614 962 dixi,
1642 912 1714 952 sed
1741 912 1870 953 etiam

126 990 158 1016 ιο
178 989 305 1030 saepe
345 974 457 1017 facio
497 975 586 1017 deis
630 975 963 1031 hominibusque
1009 977 1356 1031 adprobantibus.
1420 981 1551 1022 habes
1590 982 1638 1023 de
1678 982 1871 1025 Vatinio:
1899 994 1941 1024 20

177 1059 388 1102 cognosce
430 1046 479 1088 de
513 1045 681 1088 Crasso.
745 1060 844 1102 ego,
886 1061 981 1088 cum
1021 1048 1126 1089 mihi
1165 1064 1261 1090 cum
1300 1050 1374 1091 illo
1413 1066 1569 1106 magna
1606 1052 1692 1093 iam
1731 1054 1875 1108 gratia

176 1119 308 1168 esset,
350 1116 463 1171 quod
503 1116 593 1158 eius
633 1131 781 1158 omnes
820 1117 1097 1171 gravissimas
1131 1119 1308 1161 iniurias
1342 1122 1579 1163 communis
1620 1124 1871 1165 concordiae

176 1202 307 1230 causa
337 1187 582 1229 voluntaria
614 1187 798 1242 quadam
832 1188 1046 1230 oblivione
1081 1190 1350 1245 contrieram,
1382 1192 1649 1246 repentinam
1682 1194 1771 1234 eius
1804 1194 1870 1235 de-

175 1257 414 1299 fensionem
458 1255 652 1310 Gabinii,
705 1271 832 1311 quem
875 1258 1083 1312 proximis
1129 1261 1421 1314 superioribus
1471 1262 1619 1304 diebus
1665 1265 1868 1306 acerrime

124 1344 156 1370 15
176 1330 490 1384 oppugnasset,
529 1330 694 1382 tamen,
734 1328 771 1369 si
809 1328 899 1370 sine
938 1329 1026 1370 ulla
1064 1344 1157 1371 mea
1196 1333 1455 1373 contumelia
1493 1334 1768 1388 suscepisset,
1807 1338 1870 1375 tu—

174 1399 344 1452 lissem3
377 1398 462 1453 sed,
495 1413 592 1440 cum
625 1413 692 1440 me
725 1399 1032 1453 disputantem,
1063 1415 1149 1441 non
1183 1401 1461 1444 lacessentem
1493 1403 1701 1459 laesisset,
1734 1406 1871 1446 exarsi

174 1484 263 1512 11011
301 1470 442 1511 solum
482 1469 719 1525 praesenti,
765 1470 909 1524 credo,
953 1470 1171 1512 iracundia
1206 1496 1251 1502 —-
1289 1488 1389 1514 nam
1428 1488 1477 1514 ea
1514 1477 1603 1515 tam
1645 1474 1870 1516 vehemens

176 1540 363 1583 fortasse
394 1555 482 1582 non
512 1540 668 1582 fuisset
703 1565 774 1596 ——,
812 1541 904 1595 sed,
945 1556 1041 1582 cum
1073 1542 1286 1584 inclusum
1324 1544 1429 1585 illud
1462 1545 1605 1586 odium
1638 1546 1870 1587 multarum

175 1611 266 1654 eius
303 1611 351 1653 in
390 1626 458 1653 me
501 1611 776 1667 iniuriarum,
822 1612 934 1667 quod
977 1626 1056 1667 ego
1103 1612 1300 1654 effudisse
1342 1628 1407 1654 me
1450 1629 1573 1656 omne
1617 1615 1870 1670 arbitrabar,

121 1700 155 1725 20
174 1683 392 1725 residuum
425 1685 571 1724 tamen
603 1682 811 1726 insciente
844 1697 911 1724 me
944 1682 1114 1737 fuisset,
1158 1698 1282 1725 omne
1321 1687 1493 1738 repente
1532 1686 1747 1739 apparuit:
1786 1702 1868 1740 quo

173 1754 357 1809 quidem„
386 1757 579 1809 tempore
617 1754 713 1809 ipso
756 1753 930 1808 quidam
970 1754 1184 1809 homines,
1226 1757 1269 1796 et
1307 1755 1442 1796 eidem
1479 1755 1560 1808 illi,
1602 1771 1707 1810 quos
1746 1772 1869 1812 saepe

172 1825 614 1881 †significationeque
656 1825 845 1880 appello,
888 1839 984 1866 cum
1027 1839 1071 1866 se
1113 1825 1348 1867 maximum
1385 1825 1573 1867 fructum
1610 1827 1771 1880 cepisse
1813 1828 1869 1868 di-

173 1899 319 1938 cerent
358 1910 409 1938 ex
446 1896 650 1938 libertate
693 1911 789 1938 mea
829 1910 980 1950 meque
1019 1899 1112 1937 tum
1157 1896 1336 1951 denique
1382 1897 1464 1938 sibi
1504 1912 1594 1938 esse
1633 1897 1771 1939 visum
1810 1899 1866 1939 rei

170 1967 391 2022 publicae,
441 1967 580 2022 qualis
630 1966 830 2021 fuissem,
880 1967 1131 2008 restitutum
1184 1981 1364 2022 cumque
1409 1982 1457 2009 ea
1501 1968 1718 2009 eontentio
1765 1969 1868 2010 mihi

120 2053 152 2080 25
172 2052 378 2094 magnum
411 2038 543 2080 etiam
574 2037 680 2080 foris
712 2038 902 2080 fructum
935 2038 1126 2089 tulisset,
1168 2038 1350 2092 gaudere
1384 2052 1426 2079 se
1459 2038 1658 2079 dicebant
1691 2039 1793 2079 mihi
1827 2043 1869 2080 et

171 2108 296 2150 illum
320 2107 544 2150 inimicum
571 2111 614 2150 et
641 2123 726 2160 eos,
760 2109 834 2164 qui
860 2109 905 2150 in
931 2109 1078 2151 eadem
1106 2123 1234 2150 causa
1262 2111 1418 2162 essent,
1450 2123 1682 2162 numquam
1709 2110 1867 2151 amicos

171 2178 359 2234 futuros3
402 2193 585 2234 quorum
622 2180 760 2235 iniqui
803 2193 1021 2221 sermones
1064 2193 1160 2221 cum
1200 2179 1252 2220 ad
1289 2194 1356 2220 me
1393 2193 1470 2232 per
1510 2179 1705 2220 homines
1742 2180 1867 2221 hone-

170 2249 387 2292 stissimos
419 2251 712 2305 perferrentur
744 2265 924 2305 cumque
957 2250 1187 2305 Pompeius
1225 2249 1288 2290 ita
1326 2248 1634 2302 contendisset,
1674 2252 1722 2290 ut
1759 2250 1865 2290 nihil

170 2335 376 2376 umquam
406 2322 566 2378 magis,
597 2324 647 2364 ut
679 2337 775 2364 cum
811 2320 966 2363 Crasso
1000 2320 1182 2362 redirem
1214 2319 1258 2361 in
1291 2320 1486 2374 gratiam,
1520 2318 1758 2373 Caesarque
1791 2335 1866 2373 per

116 2409 151 2434 :so
169 2391 339 2434 litteras
366 2392 555 2434 maxima
581 2407 624 2434 se
651 2392 852 2434 molestia
877 2406 927 2433 ex
953 2391 1029 2433 illa
1055 2390 1328 2432 contentione
1362 2389 1576 2431 adfectum
1610 2390 1864 2443 ostenderet,

288 2548 318 2580 1.
346 2545 539 2580 cantatum
565 2556 609 2580 εει)
635 2545 802 2579 catatum
828 2544 895 2578 1110
913 2545 925 2587 ΙΙ
951 2546 981 2577 2.
1008 2542 1163 2577 formam
1191 2553 1234 2576 esc
1259 2540 1378 2575 forma
1404 2540 1447 2574 M
1454 2545 1469 2561 ’ν’
1494 2541 1504 2584 ΙΙ
1530 2543 1560 2574 3,
1588 2550 1652 2591 pro
1679 2540 1771 2591 MR,
1797 2552 1862 2575 mn.

170 2592 228 2630 ὓς
246 2593 259 2635 ΙΙ
278 2595 310 2627 4.
336 2591 455 2637 petiui
481 2604 525 2627 ea:
550 2591 623 2626 -uit
647 2592 807 2627 radendo
834 2590 879 2624 M
895 2592 907 2634 ΙΙ
926 2589 1102 2634 quoniam
1123 2589 1213 2632 MG,
1241 2598 1350 2631 quam
1377 2587 1407 2621 R
1427 2589 1438 2628 ΙΙ
1460 2590 1512 2620 10.
1541 2585 1644 2619 dehis
1672 2586 1764 2628 (deis
1786 2588 1832 2621 M
1837 2589 1862 2625 Γ)

167 2638 456 2684 hominibusque
483 2638 780 2684 adprobantibus
802 2638 855 2681 M,
884 2637 928 2671 de
954 2636 1012 2671 his
1038 2635 1249 2670 hominibus
1271 2644 1365 2678 quae
1392 2633 1590 2685 adprobem
1603 2632 1681 2685 ‘tibi
1705 2633 1748 2676 G,
1776 2634 1861 2667 cede

169 2685 214 2721 de
239 2685 298 2720 his
323 2687 415 2732 (suqo.
435 2698 484 2722 vs.
506 2699 529 2721 a
547 2699 591 2722 m.
614 2690 633 2719 2
660 2687 828 2720 additum
854 2686 993 2728 crasso)
1020 2682 1189 2717 omnibus
1216 2691 1287 2726 que
1313 2680 1516 2725 approbam
1538 2679 1612 2732 ’t1b1
1640 2680 1674 2714 R
1694 2681 1704 2721 ΙΙ
1726 2684 1778 2715 13,
1800 2691 1861 2714 110-

167 2731 343 2778 luntaria,
368 2735 433 2770 ult.
456 2744 478 2768 a
498 2745 588 2769 corr.
609 2744 652 2768 ex
673 2743 703 2776 e,
722 2736 764 2767 ut
782 2733 867 2775 vid„
893 2744 916 2765 a
935 2743 977 2766 m.
1002 2735 1032 2774 1,
1059 2731 1107 2764 M
1121 2732 1131 2774 ΙΙ
1151 2729 1309 2780 quedam
1336 2728 1385 2761 M
1398 2730 1409 2770 ΙΙ
1429 2728 1648 2779 contrieram
1675 2727 1861 2779 1{(c[.1x,

167 2783 225 2825 25,
247 2783 293 2825 1),
319 2782 509 2816 conteram
535 2783 569 2815 Ω,
596 2778 858 2824 (contriueram
884 2778 933 2812 M
936 2779 964 2821 ⁰)
990 2779 1000 2821 ΙΙ
1036 2781 1086 2811 14.
1114 2775 1259 2821 gabint1
1286 2775 1333 2808 M
1354 2776 1365 2818 ΙΙ
1390 2785 1566 2818 proximis
1594 2773 1860 2819 superloribus]

166 2828 212 2870 cf.
238 2828 270 2863 I.
292 2828 431 2863 Maller
456 2829 497 2863 in
521 2827 705 2862 Bursiani
732 2826 959 2860 ‘laha-esbel?
992 2827 1078 2858 1882
1104 2824 1137 2858 II
1160 2835 1196 2867 1).
1221 2826 1260 2856 12
1281 2823 1292 2866 ΙΙ
1314 2824 1367 2855 17.
1394 2831 1467 2855 11011
1493 2820 1610 2855 solum
1627 2834 1716 2864 -μ
1741 2824 1796 2864 29,
1818 2824 1861 2854 10

167 2874 226 2919 (II,
249 2878 280 2919 1,
299 2877 336 2920 2)
367 2876 585 2910 consecutus
612 2885 678 2908 om.
707 2874 740 2908 G
772 2871 907 2909 (exarsi
942 2873 979 2905 in
1009 2872 1080 2914 fine
1111 2880 1232 2906 versus
1257 2870 1429 2913 scriptum
1455 2872 1520 2909 esc,
1551 2867 1678 2901 deinde
1703 2869 1861 2911 spatium

166 2923 278 2957 unius
296 2933 418 2958 versus
437 2923 614 2966 relietum)
635 2923 646 2964 n
667 2924 720 2954 18.
740 2918 890 2963 lodium,
918 2917 941 2951 h
961 2929 1022 2960 er„
1042 2918 1089 2951 M
1103 2919 1114 2962 ΙΙ
1134 2920 1189 2952 20.
1209 2915 1342 2950 fuisset
1363 2926 1393 2957 ς,
1415 2914 1571 2959 fugisset
1591 2914 1670 2966 ΜΒ
1689 2915 1700 2958 ΙΙ
1720 2925 1792 2958 quo
1808 2915 1860 2954 M,

168 2968 269 3012 quod
293 2969 330 3004 R
354 2971 366 3014 ΙΙ
391 2973 447 3004 21.
475 2968 596 3004 eidem
624 2967 715 3011 MR,
742 2965 854 3000 iidem
882 2976 901 3002 ς
921 2966 932 3009 ΙΙ
952 2975 1042 3008 quos
1068 2975 1112 2999 ea·
1137 2975 1209 3008 quo
1237 2964 1283 2997 M
1288 2967 1300 2983 ¹·
1324 2964 1328 3004 Ι
1367 2966 1421 2996 22.
1449 2960 1791 3005 significationeque
1820 2962 1865 2995 M

148 3016 275 3060 '(nutu
295 3027 374 3061 sup.
388 3027 437 3051 υε.
452 3017 536 3052 add.
552 3016 627 3059 MP,
652 3026 716 3050 om.
740 3014 803 3055 P),
830 3010 1101 3057 significatione
1128 3012 1174 3046 R.
1203 3008 1368 3055 significo
1395 3018 1512 3051 neque
1539 3006 1686 3052 appello
1709 3008 1861 3060 MadzJiy

169 3062 281 3106 (‘adv.
309 3063 404 3098 crit?
432 3063 483 3097 HI
503 3075 540 3108 p.
564 3064 665 3107 156),
699 3062 781 3096 bene
805 3062 816 3103 Η
842 3070 923 3093 011111
956 3069 994 3092 se
1021 3059 1080 3101 M,
1116 3069 1198 3092 eum
1226 3068 1263 3091 se
1290 3056 1325 3090 R
1351 3058 1361 3099 ΙΙ
1393 3060 1446 3089 23.
1475 3064 1604 3098 meque
1637 3055 1715 3088 tum
1741 3065 1860 3099 cepiss

168 3109 248 3154 (sic)
269 3108 428 3154 denique
442 3110 478 3145 R
497 3113 509 3152 ΙΙ
529 3113 583 3145 26.
605 3108 669 3154 qui
688 3108 726 3142 in
746 3107 799 3150 M,
821 3105 910 3151 quin
931 3106 966 3141 R
987 3107 996 3149 [Ι
1016 3116 1167 3140 causam
1188 3106 1231 3140 M
1249 3108 1261 3151 ῃ
1280 3106 1334 3137 28.
1356 3102 1585 3147 perferentur
1599 3102 1646 3135 M
1662 3104 1742 3146 (-1·r-
1757 3103 1804 3136 M
1808 3105 1835 3146 r)
1849 3102 1860 3146 η

169 3159 223 3191 30.
250 3155 445 3192 molestiae
471 3157 520 3191 M
542 3158 576 3202 (e
602 3168 680 3202 exp.
708 3155 756 3190 M
760 3156 787 3200 r)
807 3155 818 3198 ΙΙ
841 3152 1083 3200 {ostenderem
1109 3152 1133 3187 h
1158 3154 1241 3197 sort.
1269 3162 1329 3193 er„
1355 3150 1390 3184 R
