2242 3542
840 217 1124 255 PRAEFATIO.
1774 216 1837 249 XV

94 353 97 355 >
138 331 229 385 ipse
262 329 463 370 habuerit
495 343 548 369 an
581 342 629 368 ea
662 326 787 367 alteri
820 326 1026 367 volumini
1065 325 1235 367 aliunde
1268 326 1497 367 accesserit
1533 328 1764 379 postquam
1798 325 1837 366 id

138 415 162 441 a
188 400 330 455 priore
358 400 401 440 in
427 398 644 453 plerisque
671 396 877 451 exemplis
909 412 1086 450 prorsus
1113 397 1356 438 seiunctum
1382 399 1449 437 est
1475 410 1659 450 suasque
1686 395 1839 436 habuit

137 470 468 522 vicissitudines,
502 469 750 510 obscurum:
783 467 864 509 hoc
898 471 1043 508 tamen
1077 468 1182 508 mihi
1215 467 1495 521 probabilius.

256 556 363 596 quae
392 556 488 582 cum
517 541 578 581 ita
611 540 710 593 sint,
746 538 985 580 consultius
1018 538 1188 579 mittere
1223 539 1397 580 omnino
1431 539 1596 580 incerta
1628 544 1669 579 et
1702 538 1838 579 redire

137 614 189 654 ad
222 617 352 666 certa,
383 613 408 653 i.
436 627 470 653 e.
497 613 549 653 ad
576 625 648 652 eos
680 624 787 664 quos
819 609 1027 650 habemus
1062 609 1239 651 codices.
1293 609 1330 650 ei
1364 612 1509 650 autem
1542 624 1637 651 cum
1670 612 1840 663 praeter

137 683 374 725 Mediceum
420 686 599 724 octonos
644 680 805 735 singuli
849 679 1037 721 habeant
1081 680 1234 733 libros,
1278 694 1472 720 seorsum
1514 682 1695 735 utraque
1740 694 1839 733 pars

136 754 371 809 spectanda
415 757 500 807 est,
545 766 628 806 quo
672 751 812 805 qualis
856 750 1087 804 utrobique
1133 751 1364 792 memoriae
1406 750 1588 792 traditae
1631 750 1688 791 sit
1728 751 1839 791 ratio

137 829 354 880 appareat.
398 824 572 866 initium
599 825 744 863 autem
770 820 1013 862 faciendum
1040 836 1064 862 a
1091 821 1282 863 Mediceo
1311 822 1467 875 codice,
1495 825 1542 862 ut
1569 822 1641 876 qui
1668 822 1840 875 utrique

136 896 250 950 parti
277 895 335 937 sit
361 894 641 936 adhibendus.
656 892 688 949 1)
737 895 855 934 extat
881 892 1017 948 igitur
1043 893 1087 933 in
1113 893 1380 934 bibliotheca
1406 893 1697 935 Laurentiana
1721 893 1842 934 codex

134 968 346 1008 BIediceus
370 966 440 1019 49,
459 966 484 1005 9
513 962 637 1021 (olim
663 979 703 1005 n.
724 961 848 1019 309):
882 962 946 1013 M,
973 963 1046 1004 alt.
1074 967 1183 1004 cent.
1211 965 1279 1018 23,
1311 964 1384 1005 lat.
1412 966 1480 1017 20,
1511 964 1716 1006 foliorum
1742 964 1839 1005 270.
1857 972 1904 1006 Μ

134 1037 438 1092 quaterniones
472 1038 574 1077 sunt
600 1033 802 1088 XXXIII,
835 1048 1018 1088 quorum
1049 1035 1215 1075 numeri
1249 1035 1293 1076 in
1325 1036 1407 1076 fine
1441 1034 1710 1090 singulorum
1741 1049 1840 1089 qua-

135 1109 382 1150 ternionum
428 1107 575 1148 additi.
644 1105 829 1159 scriptus
875 1108 941 1146 est
986 1105 1134 1159 codex,
1180 1109 1228 1146 ut
1273 1106 1378 1147 mihi
1418 1105 1673 1160 Caesarique
1718 1105 1840 1147 Paoli

135 1180 275 1221 visum
315 1204 368 1208 —
408 1178 482 1219 alii
520 1178 564 1218 in
610 1191 720 1218 saec.
743 1176 803 1218 IX
847 1176 1092 1230 provehunt
1132 1202 1204 1231 —,
1243 1176 1447 1230 s.1XsX,
1491 1177 1672 1231 indeque
1712 1176 1841 1231 expli-

136 1251 320 1293 candum
348 1250 462 1304 quod
495 1249 666 1290 litterae
694 1248 820 1289 modo
852 1248 1038 1302 speciem
1064 1251 1281 1289 vetustam
1312 1248 1473 1289 habent
1497 1272 1544 1277 —
1573 1248 1688 1290 velut
1713 1262 1840 1301 saepe

135 1323 179 1363 in
206 1336 232 1363 a
256 1321 405 1362 littera
431 1345 489 1350 —
515 1320 642 1361 modo
676 1322 909 1361 recentem:
949 1323 1177 1373 superatur
1210 1323 1324 1361 certe
1359 1322 1499 1360 aetate
1533 1334 1557 1360 a
1582 1319 1722 1360 Taciti
1755 1317 1840 1359 Me-

138 1392 258 1434 diceo
282 1391 313 1433 I.
366 1392 552 1445 scriptus
580 1394 646 1432 est
673 1406 695 1431 a
723 1390 922 1431 manibus
954 1390 1163 1444 pluribus.
1210 1391 1498 1432 correctiones
1531 1390 1680 1431 insunt
1711 1389 1841 1443 pluri—

134 1477 226 1504 mae
259 1466 350 1504 tam
389 1466 586 1503 vetustae
627 1476 754 1515 quam
788 1465 993 1502 recentes.
1053 1476 1133 1517 ego
1173 1477 1244 1503 eas
1278 1462 1567 1503 correctiones
1601 1475 1707 1515 quae
1741 1463 1841 1501 sunt

134 1549 159 1575 a
185 1534 375 1574 librariis
404 1533 508 1586 ipsis
535 1532 768 1586 profectae,
799 1530 866 1573 211¹
894 1536 998 1574 nota
1023 1533 1278 1588 significavi,
1305 1533 1411 1574 alias
1439 1547 1547 1586 quae
1574 1535 1675 1572 sunt
1701 1531 1840 1573 factae
1860 1540 1922 1575 M¹

135 1618 159 1645 a
187 1603 386 1644 manibus
412 1603 610 1656 pluribus
640 1617 749 1644 saec.
775 1602 971 1656 X—XII,
1001 1603 1073 1644 111ο
1098 1606 1215 1658 nota,
1248 1603 1430 1657 denique
1464 1603 1570 1644 alias
1604 1617 1711 1656 quae
1740 1605 1841 1643 sunt
1855 1612 1921 1646 Mc

136 1675 285 1715 illatae
315 1677 416 1728 post
448 1688 482 1713 a.
513 1674 639 1727 1389,
673 1674 697 1714 i.
725 1688 758 1714 e.
784 1676 885 1727 post
917 1674 1125 1728 scriptum
1158 1674 1457 1730 apographum
1490 1673 1840 1728 antiquissimum

134 1744 246 1786 Med.
272 1745 348 1797 49,
377 1745 398 1784 7
433 1741 500 1799 (P,
533 1758 568 1784 V.
597 1742 741 1800 infra),
776 1745 856 1786 ΜΓ.
914 1744 992 1786 has
1020 1746 1308 1787 correctiones
1337 1745 1609 1787 coniecturae
1642 1745 1736 1787 loco
1768 1745 1902 1788 har—M
1911 1760 1922 1775 ¹·

133 1814 294 1856 bendas
322 1828 415 1855 esse
440 1817 574 1869 patet,
601 1814 669 1855 Mc
695 1818 848 1856 contra
867 1814 1100 1871 diligenter
1121 1831 1206 1858 uno
1228 1831 1398 1871 quoque
1418 1817 1514 1858 loco
1536 1817 1840 1858 examinandae

133 1888 234 1926 sunt
267 1888 417 1939 utpote
451 1899 503 1926 ex
533 1889 657 1939 parte
690 1885 872 1927 haustae
912 1901 963 1928 ex
1001 1887 1211 1928 memoria
1249 1891 1437 1941 vetusta,
1479 1885 1543 1929 Ml
1574 1888 1750 1942 plurimi
1783 1888 1841 1929 fa·
1903 1912 1907 1914 -

133 1955 318 1998 ciendae.
370 1971 496 2011 saepe
524 1960 669 1998 autem
696 1956 769 2011 M1,
790 1957 870 2011 Mc,
889 1956 956 1998 Mr
982 1972 1069 1999 non
1090 1959 1197 2000 satis
1218 1959 1415 2014 dignosci
1435 1962 1631 2014 possunt,
1656 1959 1841 2000 maxime

131 2028 207 2069 ubi
238 2042 325 2069 una
356 2028 504 2069 littera
533 2031 703 2070 mutata
735 2032 801 2070 est
834 2032 909 2070 aut
940 2032 1102 2084 puncta
1133 2029 1323 2071 lineaeve
1357 2031 1674 2085 superpositae:
1707 2045 1757 2072 ac
1788 2045 1840 2071 ne

132 2113 183 2140 ex
215 2097 250 2139 P
283 2099 456 2153 quidem
489 2102 607 2141 certa
639 2099 890 2142 diiudicatio
930 2114 1099 2155 semper
1136 2101 1226 2155 peti
1264 2104 1429 2156 potest,
1467 2102 1672 2156 quoniam
1709 2101 1838 2155 primi

133 2170 224 2212 eius
256 2163 425 2211 librarii
457 2168 548 2226 (P¹)
581 2186 668 2212 non
701 2185 849 2213 omnes
888 2172 1151 2213 mutationes
1184 2186 1209 2212 a
1241 2170 1304 2228 M¹
1342 2173 1407 2213 vel
1441 2172 1510 2213 Mc
1546 2173 1683 2214 factas
1722 2187 1840 2214 cura-

132 2244 290 2282 verunt
321 2241 394 2282 sed
427 2241 711 2297 neglexerunt
744 2245 787 2283 et
817 2245 1017 2296 posterae
1049 2243 1222 2284 demum
1254 2258 1407 2284 manus
1441 2242 1538 2298 (Ρῖ)
1572 2258 1643 2285 eas
1670 2244 1714 2285 in
1741 2258 1839 2298 apo-

132 2311 300 2367 grapho
341 2316 614 2354 notaverunt.
647 2338 705 2342 —
737 2312 821 2354 fuit
860 2314 994 2355 codex
1032 2314 1136 2355 olim
1174 2313 1403 2368 Vercellis,
1448 2314 1717 2356 Florentiam
1756 2329 1841 2369 qua

133 2383 301 2425 ratione
334 2398 472 2438 quove
505 2387 700 2439 tempore
732 2385 900 2426 venerit
931 2385 1051 2439 latet,
1082 2385 1247 2427 factum
1279 2385 1323 2426 id
1355 2389 1500 2427 tamen
1533 2388 1633 2440 post
1662 2400 1698 2426 a.
1730 2386 1839 2427 1389

132 2457 176 2495 et
208 2457 308 2496 ante
340 2469 375 2497 a.
405 2455 532 2510 1406,
563 2455 588 2497 i.
616 2470 649 2497 e.
683 2459 782 2497 ante
815 2459 1002 2497 mortem
1035 2455 1256 2511 Colucii.‘²)
1315 2456 1493 2498 ultimae
1525 2456 1708 2512 paginae
1740 2471 1839 2510 pars

252 2562 286 2601 1‘)
330 2559 633 2605 duae-epistulae
661 2560 771 2604 (VIII,
796 2564 838 2594 16
866 2562 903 2595 et
927 2560 989 2605 IX,
1013 2562 1069 2606 14)
1095 2563 1227 2596 extant
1252 2561 1366 2595 etiam
1392 2561 1430 2594 in
1457 2560 1677 2596 collectione
1702 2561 1838 2606 epistu-

133 2603 254 2638 larum
286 2615 308 2638 a
366 2606 533 2641 Atticum
569 2607 752 2642 datarum.
811 2608 946 2652 quibus
985 2607 1157 2653 epistulis
1197 2608 1370 2653 equidem
1406 2620 1480 2643 non
1517 2608 1623 2654 potui
1662 2608 1839 2643 adhibere

133 2653 281 2696 praeter
306 2662 407 2686 meos
434 2653 580 2688 codices
605 2654 680 2689 nisi
705 2654 841 2689 librum
867 2654 1077 2690 Mediceum
1103 2660 1160 2701 49,
1181 2659 1242 2691 18:
1279 2667 1359 2690 sero
1385 2656 1483 2690 enim
1515 2656 1563 2690 ad
1595 2667 1653 2690 me
1687 2655 1838 2691 adlatae

134 2701 221 2733 sunt
247 2699 283 2733 C.
305 2699 348 2734 A.
369 2699 574 2734 Lehmanni
600 2712 683 2735 cum
714 2702 932 2736 retractatio
966 2702 1141 2737 editionis
1173 2703 1474 2738 Hofmannianae
1505 2705 1586 2743 tum
1619 2703 1744 2748 ampla
1778 2704 1839 2738 ‘de

134 2745 320 2780 Ciceronis
341 2746 389 2780 ad
408 2746 574 2781 Atticum
594 2748 764 2792 epistulis
784 2749 1020 2784 recensendis
1040 2752 1078 2784 et
1096 2750 1354 2785 emendandis’
1378 2751 1653 2794 commentatio,
1674 2752 1838 2785 extremo

133 2804 178 2828 ea
210 2804 242 2828 a.
272 2797 361 2827 1892
382 2793 509 2829 edita.
562 2794 737 2829 damnum
770 2798 896 2831 tamen
934 2796 1025 2831 haec
1059 2797 1174 2832 editio
1208 2797 1261 2832 sic
1292 2809 1367 2833 non
1398 2800 1455 2833 est
1485 2810 1613 2844 passa:
1653 2809 1740 2833 nam
1771 2810 1838 2833 nec

132 2842 262 2875 nostra
288 2840 472 2886 epistulae
498 2841 595 2886 VIII,
618 2846 660 2875 16
687 2842 931 2877 conformatio
957 2844 1119 2878 notabili
1146 2844 1223 2878 ulla
1248 2845 1287 2879 in
1311 2856 1349 2880 re
1371 2845 1496 2880 differt
1516 2857 1538 2880 a
1557 2845 1839 2881 Lehmanniana

134 2889 172 2922 et
197 2899 293 2932 quae
320 2888 489 2923 universe
517 2889 562 2923 de
589 2889 760 2933 epistulis
786 2890 963 2925 miscellis
989 2891 1060 2926 hac
1086 2891 1124 2925 in
1143 2892 1375 2936 praefatione
1397 2893 1585 2938 disputavi
1607 2893 1732 2928 aliena
1752 2895 1839 2928 sunt

134 2935 180 2969 ab
206 2934 275 2970 illa
301 2936 640 2982 commentatione]

252 2984 287 3028 2)
320 2983 487 3019 Vercellis
519 2984 685 3019 codicem
718 2984 807 3019 olim
844 2984 960 3020 fuisse
992 2988 1132 3021 certum
1164 2989 1221 3021 est
1252 2988 1312 3032 (cf.
1340 2999 1422 3022 ann.
1450 2987 1540 3033 phil.
1570 2992 1661 3023 1884
1686 3000 1720 3034 p.
1742 2992 1837 3034 852),

133 3029 316 3064 incertum
343 3032 382 3065 et
406 3031 555 3074 quando
579 3031 669 3066 illuc
689 3032 833 3066 venerit
852 3033 890 3066 et
908 3033 1016 3069 unde.
1060 3036 1184 3078 potest
1202 3035 1281 3069 fieri
1302 3037 1344 3069 ut
1364 3035 1542 3070 advectus
1563 3035 1612 3070 sit
1632 3036 1679 3070 ab
1699 3037 1837 3071 Attone

134 3076 309 3122 episcopo
337 3079 568 3123 (924—961)
594 3090 702 3123 quem
733 3081 792 3113 sat
823 3079 1032 3114 litteratum
1062 3081 1177 3116 fuisse
1210 3082 1345 3116 scimus
1373 3083 1431 3126 (cf.
1459 3083 1525 3117 Iul.
1548 3082 1698 3118 Schultz
1732 3084 1836 3119 ‘Atto

133 3134 205 3158 von
231 3124 406 3159 Vercelli'
437 3125 524 3161 diss,
552 3125 718 3171 Gotting.
749 3130 838 3161 1885
864 3139 898 3172 p.
921 3131 964 3161 62
980 3130 1064 3173 sq.)‚
1098 3140 1324 3174 quamquam
1354 3129 1454 3164 illius
1487 3130 1525 3164 in
1557 3130 1669 3165 editis
1702 3130 1834 3166 saltem

135 3171 322 3215 opusculis
349 3174 422 3217 (ap.
444 3172 558 3218 Mign.
585 3175 679 3218 patr.
702 3174 781 3209 Lat.
808 3176 833 3210 t.
857 3178 937 3219 134)
964 3186 1031 3210 nec
1051 3175 1237 3212 Ciceronis
1263 3188 1331 3212 nec
1350 3177 1464 3212 ullius
1485 3178 1675 3223 scriptoris
1696 3180 1835 3223 pagani
