2242 3496
655 217 987 253 }·]1’18'1‘v1„·xlu'M
1021 220 1059 254 ll.
1091 225 1140 254 111,
1173 221 1230 256 111.
1260 226 1287 255 1.
1315 226 1347 257 2.
1785 226 1833 265 51

148 322 348 365 videntur
367 323 498 364 etiam
514 323 682 377 aliquae
699 340 816 366 meae
838 331 1000 380 partes:
1021 329 1081 370 sic
1103 329 1215 370 enim
1238 329 1315 370 tibi
1338 330 1556 384 persuade,
1571 332 1839 374 carissimum

148 397 191 436 te
223 393 329 435 mihi
363 407 454 434 esse
488 408 584 434 cum
611 399 787 449 propter
816 398 970 438 inultas
998 399 1234 441 suavitates
1271 401 1443 455 ingenii,
1475 401 1618 454 oflicii,
1652 403 1840 444 humaui-

149 465 254 506 tatis
293 467 410 518 tuae,
448 467 541 505 tum
581 466 691 519 quod
732 481 781 507 ex
820 468 906 508 tuis
946 468 1102 510 litteris
1135 474 1177 510 et
1209 486 1258 511 ex
1300 472 1532 513 inultorum
1572 475 1840 515 sermonibus

148 535 354 591 intellego
389 535 545 578 omnia.
577 551 685 589 quae
719 552 744 577 a
776 553 842 579 me
875 540 1066 592 profecta
1098 545 1198 582 sunt
1231 542 1272 582 in
1306 545 1365 595 te,
1399 543 1477 583 tibi
1512 543 1715 585 accidisse
1749 559 1841 600 gra-

113 606 334 659 stissima3
381 606 491 660 quod
533 620 629 647 cum
667 607 729 647 ita
768 608 842 662 sit,
882 610 1099 662 perficiam
1140 612 1349 666 profecto,
1391 617 1438 654 nt
1477 614 1594 669 longi
1634 617 1840 670 temporis

148 691 339 731 usuram,
371 691 454 731 qua
487 677 702 718 caruimus
736 678 981 721 intermissa
1012 685 1157 723 nostra
1192 684 1519 737 consuetudine,
1551 689 1593 726 et
1625 687 1766 741 gratia
1798 691 1841 728 et

148 748 378 791 crebritate
416 750 460 789 et
498 748 794 802 magnitudine
836 749 1077 793 officiorum
1120 768 1309 794 meorum
1355 756 1554 810 sarciam,
1599 757 1723 811 idque
1763 773 1841 812 me,

148 820 351 875 quoniam
383 822 431 861 tu
463 819 526 860 ita
556 819 639 873 vis,
672 823 777 874 puto
809 836 896 862 non
928 822 1064 863 invita
1096 823 1287 865 Minerva
1319 840 1410 867 csse
1442 826 1674 881 facturum,
1713 843 1840 882 quain

149 891 321 946 quidem
359 905 458 946 ego,
498 891 533 932 si
572 891 684 932 forte
717 891 766 932 de
799 892 885 933 tuis
924 907 1164 948 sumpsero,
1202 909 1287 936 11011
1326 896 1464 937 solum
1498 898 1729 952 Παλλάὸα,
1767 901 1839 940 sed

94 974 128 998 1⁰
146 962 279 1004 etiam
306 960 521 1003 Ἀππιοέδα
553 961 796 1003 nominabo.
849 960 978 1016 Cilix,
1015 963 1195 1006 libertus
1234 969 1352 1020 tuus,
1391 971 1516 1009 antea
1554 969 1659 1010 mihi
1699 970 1838 1011 minus

145 1033 227 1075 fuit
257 1035 405 1088 notus3
446 1033 537 1087 sed,
574 1035 623 1074 ut
663 1032 768 1074 mihi
808 1033 993 1075 reddidit
1024 1049 1048 1074 a
1081 1038 1122 1076 te
1155 1035 1321 1077 litteras
1354 1038 1501 1091 plenas
1534 1042 1577 1080 et
1608 1041 1765 1081 amoris
1798 1045 1840 1082 et

145 1103 290 1159 officii,
323 1103 502 1146 mirifice
535 1104 626 1159 ipse
660 1119 737 1146 suo
771 1119 965 1146 sermone
1002 1106 1254 1148 subsecutus
1287 1111 1353 1148 est
1385 1108 1696 1152 humanitatem
1729 1112 1840 1153 litte-

143 1189 288 1216 rarum
326 1177 516 1216 tuarum:
555 1175 739 1217 iucunda
777 1175 884 1216 mihi
922 1176 1013 1217 eius
1053 1176 1191 1218 oratio
1223 1177 1323 1232 fuit,
1362 1193 1457 1220 cum
1495 1181 1544 1221 de
1578 1181 1719 1223 animo
1753 1185 1840 1236 tuo,

143 1246 194 1288 de
235 1246 526 1300 sermonibus,
567 1260 675 1300 quos
715 1246 765 1287 de
804 1261 871 1288 me
909 1246 1089 1289 haberes
1129 1248 1302 1302 cotidie,
1340 1250 1444 1290 mihi
1482 1255 1695 1307 narraret3
1739 1254 1839 1308 quid

91 1328 123 1354 15
145 1316 345 1372 quaeris?
389 1317 520 1358 biduo
558 1316 700 1359 factus
733 1319 800 1359 est
832 1317 939 1358 1111111
977 1317 1222 1373 familiaris,
1259 1320 1323 1361 ita
1355 1324 1515 1376 tamen,
1553 1326 1601 1363 ut
1632 1322 1840 1365 Phaniam

143 1387 267 1430 valde
312 1387 395 1429 sim
439 1388 780 1442 desideraturus,
825 1404 951 1444 quem
994 1404 1091 1431 cum
1127 1389 1310 1432 Romam
1355 1392 1571 1446 remittes,
1615 1394 1748 1448 quod,
1793 1399 1841 1435 ut

143 1459 423 1514 putabamus,
456 1459 654 1502 celeriter
686 1474 781 1501 eras
813 1459 1024 1515 facturus,
1058 1461 1257 1503 omnibus
1290 1461 1328 1504 ei
1360 1463 1409 1504 de
1442 1463 1588 1517 rebus,
1621 1478 1725 1518 quas
1758 1466 1842 1520 agi,

146 1545 252 1585 quas
285 1529 427 1573 curari
459 1546 484 1572 a
515 1545 582 1572 me
615 1530 753 1585 voles,
792 1531 995 1572 mandata
1027 1532 1099 1573 des
1131 1531 1272 1574 velim.
1329 1531 1374 1573 L.
1405 1532 1621 1576 Valerium
1653 1535 1842 1577 iurecon-

146 1601 309 1644 sultum
350 1601 472 1643 valde
511 1601 593 1642 tibi
632 1601 903 1655 commendo,
941 1602 1014 1643 sed
1052 1602 1115 1643 ita
1153 1603 1300 1654 etiam,
1340 1604 1376 1645 si
1412 1619 1498 1646 non
1531 1608 1595 1646 est
1626 1606 1715 1647 iure
1748 1621 1843 1648 con—

91 1673 303 1727 msultus,
347 1672 501 1714 melius
540 1671 654 1713 enim
693 1672 733 1714 ei
771 1687 920 1714 cavere
958 1673 1076 1727 volo,
1121 1688 1248 1728 quam
1288 1674 1378 1728 ipse
1417 1674 1512 1717 aliis
1552 1676 1672 1717 solet.
1723 1678 1842 1718 valde

143 1743 366 1786 hominem
397 1743 554 1799 diligo:
587 1746 653 1785 est
685 1758 737 1785 ex
768 1744 875 1785 meis
909 1744 1157 1786 domesticis
1191 1747 1319 1798 atque
1352 1745 1516 1786 intimis
1549 1745 1842 1789 familiaribus.

145 1814 320 1858 omnino
354 1814 436 1856 tibi
469 1813 562 1870 agit
594 1815 758 1870 gratias
767 1849 779 1870 ,
821 1815 894 1856 sed
924 1814 1040 1856 idem
1072 1815 1225 1857 scribit
1256 1830 1372 1857 meas
1410 1816 1576 1858 litteras
1609 1818 1839 1859 maximum

145 1887 258 1942 apud
296 1889 339 1928 te
377 1886 545 1941 pondus
589 1885 833 1927 habituras:
876 1886 919 1928 id
961 1901 1059 1927 eum
1096 1902 1148 1927 ne
1187 1886 1329 1940 fallat,
1375 1887 1506 1928 etiam
1544 1891 1671 1942 atque
1713 1890 1841 1930 etiam

148 1971 266 2013 rogo,
323 1957 428 2000 vale.

93 2102 126 2128 25
892 2087 945 2130 II.
991 2086 1099 2144 (75.)

304 2193 361 2237 M.
393 2193 608 2237 CICERO
641 2192 878 2236 PROCOS.
912 2193 951 2235 S.
979 2193 1029 2235 D.
1055 2193 1229 2235 APPIO
1265 2193 1538 2237 PVLCHRO
1573 2195 1685 2238 IMP.

265 2287 374 2331 Cum
411 2292 454 2331 et
493 2292 644 2332 contra
682 2290 949 2331 voluntatem
987 2303 1126 2330 meam
1164 2291 1207 2330 et
1243 2294 1413 2343 praeter
1451 2290 1695 2344 opinionem
1735 2290 1840 2331 acci-

145 2360 299 2416 disset,
330 2363 379 2402 ut
410 2360 517 2402 mihi
553 2376 649 2403 cum
682 2361 863 2415 imperio
896 2360 940 2401 in
972 2359 1238 2414 provinciam
1270 2360 1483 2413 proficisci
1516 2375 1686 2402 necesse
1718 2364 1843 2415 esset,

146 2430 192 2472 in
222 2431 373 2473 multis
406 2435 451 2473 et
482 2432 613 2474 variis
646 2431 857 2473 molestiis
901 2430 1321 2486 cogitationibusque
1355 2431 1459 2472 meis
1492 2431 1596 2472 haec
1628 2446 1712 2472 una
1743 2446 1842 2473 con-

93 2516 128 2542 so
147 2502 303 2545 solatio
338 2504 609 2558 occurrebat,
650 2503 772 2558 quod
793 2516 931 2556 neque
964 2501 1045 2542 tibi
1078 2501 1272 2556 amicior,
1311 2516 1437 2556 quam
1469 2516 1548 2556 ego
1581 2517 1693 2556 sum,
1731 2502 1843 2556 quis-

147 2587 276 2628 quam
307 2577 455 2628 posset
488 2574 713 2616 succedere
745 2587 883 2627 neque
916 2586 995 2627 ego
1030 2572 1082 2612 ab
1115 2572 1204 2613 ullo
1236 2572 1501 2626 provinciam
1533 2573 1736 2626 accipere,
1769 2572 1841 2626 qui

146 2644 296 2686 mallet
327 2659 423 2686 eam
457 2660 586 2700 quam
618 2644 803 2686 maxime
837 2643 942 2684 mihi
975 2645 1121 2697 aptam
1147 2641 1485 2696 explicatamque
1513 2643 1697 2696 tradere3
1729 2643 1841 2696 quod

147 2714 183 2756 si
215 2718 263 2756 tu
295 2729 466 2770 quoque
499 2716 676 2757 eandem
711 2715 762 2756 de
795 2728 890 2755 mea
920 2713 1143 2754 voluntate
1176 2726 1279 2766 erga
1310 2715 1351 2752 te
1385 2727 1505 2766 spem
1537 2712 1686 2766 habes,
1718 2727 1768 2753 ea
1800 2716 1841 2753 te

146 2785 341 2839 profecto
373 2801 609 2841 numquam
641 2785 776 2826 fallet.
833 2787 878 2825 at
910 2786 951 2824 te
985 2782 1171 2823 maximo
1211 2797 1337 2836 opere
1374 2797 1452 2836 pro
1490 2786 1638 2824 nostra
1676 2797 1842 2823 summa

96 2869 131 2895 3⁵
151 2856 452 2899 coniunctione
480 2860 638 2911 tuaque
666 2854 875 2911 singulari
902 2853 1170 2894 humanitate
1204 2853 1333 2894 etiam
1366 2856 1493 2907 atque
1521 2853 1650 2894 etiam
1683 2867 1840 2907 quaeso

266 2988 298 3020 3.
325 2995 370 3019 ex
394 2984 532 3019 litteris
558 2984 631 3018 tuis
661 2984 692 3017 G
713 2984 724 3026 ΙΙ
745 2985 797 3016 10.
826 2979 991 3025 appiada
1016 2981 1050 3013 Ω,
1069 2982 1080 3023 Η
1102 2983 1155 3014 15.
1183 2980 1383 3024 phanniam
1411 2981 1550 3014 Mva'R
1569 2982 1580 3023 ΙΙ
1604 2985 1654 3015 18.
1684 2979 1737 3025 Ii]
1767 2980 1840 3014 len-

147 3030 267 3065 tulum
292 3033 327 3066 ,Ω
357 3034 369 3076 ΙΙ
402 3035 456 3067 19,
484 3032 549 3066 sed
575 3031 686 3065 etiam
720 3029 775 3063 ita
808 3027 974 3061 sinonem
1000 3026 1077 3060 iure
1106 3028 1137 3061 G
1170 3029 1181 3071 ΙΙ
1213 3031 1266 3062 22.
1295 3027 1442 3072 scripsit
1469 3029 1499 3061 (ι’
1533 3029 1544 3070 ΙΙ
1575 3030 1629 3061 23.
1657 3027 1768 3061 etiam
1796 3029 1840 3070 Ω,

149 3077 242 3131 (te)
269 3077 385 3113 etiam
411 3080 479 3113 alii
497 3081 508 3123 ΙΙ
534 3082 590 3113 24.
617 3078 700 3111 uale
728 3075 885 3117 MvGR
912 3086 978 3109 om.
1006 3074 1049 3107 M
1058 3074 1063 3094 ¹
1090 3076 1101 3118 ss
1130 3078 1184 3109 26.
1211 3076 1481 3119 inscriptionem
1506 3086 1571 3108 οηι.
1599 3074 1634 3108 R
1653 3076 1665 3118 ΙΙ
1685 3073 1840 3118 impera-

147 3125 231 3169 ton,
258 3125 305 3159 —ri
329 3137 374 3161 ew
399 3137 436 3160 re
464 3127 529 3159 Mc
547 3128 559 3169 ΙΙ
579 3130 634 3159 34.
663 3126 702 3158 at
727 3126 762 3157 te
782 3123 828 3165 R,
855 3126 885 3156 et
907 3121 966 3154 Μι
993 3132 1036 3155 ecc
1063 3132 1084 3154 a
1110 3123 1156 3165 te,
1184 3133 1206 3155 a
1232 3124 1267 3155 te
1289 3124 1332 3156 G.
1360 3123 1404 3164 ef.
1426 3122 1627 3166 Lamlyraf
1646 3122 1694 3155 ml
1716 3122 1786 3156 (i'ie.
1805 3134 1839 3164 μ.

149 3171 253 3207 Rosc.
275 3173 356 3208 Am.
380 3177 420 3206 11
441 3175 453 3217 ΙΙ
474 3176 528 3207 35.
557 3171 789 3206 humanitate
816 3180 860 3203 esc
886 3166 1075 3202 immanite
1103 3168 1168 3202 Mc

1867 982 1886 1011 ¹0
