<?xml version="1.0" encoding="UTF-8"?>
<!DOCTYPE html PUBLIC "-//W3C//DTD XHTML 1.0 Transitional//EN"
    "http://www.w3.org/TR/xhtml1/DTD/xhtml1-transitional.dtd">
<html xmlns="http://www.w3.org/1999/xhtml" xml:lang="en" lang="en">
 <head>
  <title>
</title>
<meta http-equiv="Content-Type" content="text/html;charset=utf-8" />
  <meta name='ocr-system' content='tesseract 3.04.00' />
  <meta name='ocr-capabilities' content='ocr_page ocr_carea ocr_par ocr_line ocrx_word'/>
</head>
<body>
  <div class='ocr_page' id='page_1' title='image "./epistularumlibri00ciceuoft_0272.png"; bbox 0 0 2242 3496; ppageno 0'>
   <div class='ocr_carea' id='block_1_1' title="bbox 322 1342 341 1371">
    <p class='ocr_par' dir='ltr' id='par_1_1' title="bbox 322 1342 341 1371">
     <span class='ocr_line' id='line_1_1' title="bbox 322 1342 341 1371; textangle 90"><span class='ocrx_word' id='word_1_1' title='bbox 322 1342 341 1371; x_wconf 61' lang='lat' dir='ltr'>t&amp;</span> 
     </span>
    </p>
   </div>
   <div class='ocr_carea' id='block_1_2' title="bbox 362 118 1451 173">
    <p class='ocr_par' dir='ltr' id='par_1_2' title="bbox 362 118 1451 173">
     <span class='ocr_line' id='line_1_2' title="bbox 362 118 1451 173; baseline -0.019 0"><span class='ocrx_word' id='word_1_2' title='bbox 362 132 446 173; x_wconf 75' lang='lat'>232</span> <span class='ocrx_word' id='word_1_3' title='bbox 959 124 1006 157; x_wconf 83' lang='lat' dir='ltr'>M.</span> <span class='ocrx_word' id='word_1_4' title='bbox 1034 121 1174 156; x_wconf 67' lang='lat' dir='ltr'>TVLLI</span> <span class='ocrx_word' id='word_1_5' title='bbox 1201 118 1451 154; x_wconf 70' lang='lat' dir='ltr'>CICERONIS</span> 
     </span>
    </p>
   </div>
   <div class='ocr_carea' id='block_1_3' title="bbox 983 225 1435 364">
    <p class='ocr_par' dir='ltr' id='par_1_3' title="bbox 983 225 1435 364">
     <span class='ocr_line' id='line_1_3' title="bbox 1065 225 1347 282; baseline -0.004 -14"><span class='ocrx_word' id='word_1_6' title='bbox 1065 227 1158 268; x_wconf 82' lang='lat' dir='ltr'>XX.</span> <span class='ocrx_word' id='word_1_7' title='bbox 1211 225 1347 282; x_wconf 81' lang='lat'>(213.)</span> 
     </span>
     <span class='ocr_line' id='line_1_4' title="bbox 983 320 1435 364; baseline -0.007 0"><span class='ocrx_word' id='word_1_8' title='bbox 983 320 1195 364; x_wconf 76' lang='lat' dir='ltr'>CICERO</span> <span class='ocrx_word' id='word_1_9' title='bbox 1230 320 1435 362; x_wconf 80' lang='lat' dir='ltr'>PAETO.</span> 
     </span>
    </p>
   </div>
   <div class='ocr_carea' id='block_1_4' title="bbox 365 402 2127 2302">
    <p class='ocr_par' dir='ltr' id='par_1_4' title="bbox 365 402 2127 2302">
     <span class='ocr_line' id='line_1_5' title="bbox 483 402 2059 466; baseline -0.006 -12"><span class='ocrx_word' id='word_1_10' title='bbox 483 412 723 466; x_wconf 83' lang='lat' dir='ltr'>Dupliciter</span> <span class='ocrx_word' id='word_1_11' title='bbox 767 407 1004 449; x_wconf 87' lang='lat' dir='ltr'>delectatus</span> <span class='ocrx_word' id='word_1_12' title='bbox 1048 418 1143 444; x_wconf 89' lang='lat' dir='ltr'>sum</span> <span class='ocrx_word' id='word_1_13' title='bbox 1187 403 1274 444; x_wconf 87' lang='lat' dir='ltr'>tuis</span> <span class='ocrx_word' id='word_1_14' title='bbox 1318 402 1498 457; x_wconf 83' lang='lat' dir='ltr'>litteris,</span> <span class='ocrx_word' id='word_1_15' title='bbox 1541 405 1584 444; x_wconf 83' lang='lat' dir='ltr'>et</span> <span class='ocrx_word' id='word_1_16' title='bbox 1622 404 1734 458; x_wconf 88' lang='lat' dir='ltr'>quod</span> <span class='ocrx_word' id='word_1_17' title='bbox 1773 404 1863 458; x_wconf 88' lang='lat' dir='ltr'>ipse</span> <span class='ocrx_word' id='word_1_18' title='bbox 1903 403 1978 444; x_wconf 85' lang='lat' dir='ltr'>risi</span> <span class='ocrx_word' id='word_1_19' title='bbox 2016 406 2059 444; x_wconf 89' lang='lat' dir='ltr'>et</span> 
     </span>
     <span class='ocr_line' id='line_1_6' title="bbox 366 473 2059 539; baseline -0.006 -13"><span class='ocrx_word' id='word_1_20' title='bbox 366 485 475 539; x_wconf 83' lang='lat' dir='ltr'>quod</span> <span class='ocrx_word' id='word_1_21' title='bbox 517 486 556 523; x_wconf 90' lang='lat' dir='ltr'>te</span> <span class='ocrx_word' id='word_1_22' title='bbox 596 478 787 522; x_wconf 86' lang='lat' dir='ltr'>intellexi</span> <span class='ocrx_word' id='word_1_23' title='bbox 828 477 913 517; x_wconf 88' lang='lat' dir='ltr'>iam</span> <span class='ocrx_word' id='word_1_24' title='bbox 954 488 1080 529; x_wconf 89' lang='lat' dir='ltr'>posse</span> <span class='ocrx_word' id='word_1_25' title='bbox 1126 473 1279 527; x_wconf 81' lang='lat' dir='ltr'>ridere3</span> <span class='ocrx_word' id='word_1_26' title='bbox 1324 487 1390 514; x_wconf 91' lang='lat' dir='ltr'>me</span> <span class='ocrx_word' id='word_1_27' title='bbox 1430 475 1575 514; x_wconf 89' lang='lat' dir='ltr'>autem</span> <span class='ocrx_word' id='word_1_28' title='bbox 1613 489 1638 514; x_wconf 91' lang='lat' dir='ltr'>a</span> <span class='ocrx_word' id='word_1_29' title='bbox 1676 477 1736 529; x_wconf 84' lang='lat' dir='ltr'>te,</span> <span class='ocrx_word' id='word_1_30' title='bbox 1781 477 1829 515; x_wconf 90' lang='lat' dir='ltr'>ut</span> <span class='ocrx_word' id='word_1_31' title='bbox 1867 489 2059 516; x_wconf 87' lang='lat' dir='ltr'>scurram</span> 
     </span>
     <span class='ocr_line' id='line_1_7' title="bbox 367 543 2113 606; baseline -0.006 -10"><span class='ocrx_word' id='word_1_32' title='bbox 367 554 548 606; x_wconf 84' lang='lat' dir='ltr'>velitem,</span> <span class='ocrx_word' id='word_1_33' title='bbox 581 550 704 592; x_wconf 85' lang='lat' dir='ltr'>malis</span> <span class='ocrx_word' id='word_1_34' title='bbox 738 549 962 589; x_wconf 88' lang='lat' dir='ltr'>oneratum</span> <span class='ocrx_word' id='word_1_35' title='bbox 997 559 1101 598; x_wconf 82' lang='lat' dir='ltr'>esse,</span> <span class='ocrx_word' id='word_1_36' title='bbox 1133 558 1218 585; x_wconf 92' lang='lat' dir='ltr'>non</span> <span class='ocrx_word' id='word_1_37' title='bbox 1252 544 1432 585; x_wconf 87' lang='lat' dir='ltr'>moleste</span> <span class='ocrx_word' id='word_1_38' title='bbox 1464 543 1561 584; x_wconf 90' lang='lat' dir='ltr'>tuli:</span> <span class='ocrx_word' id='word_1_39' title='bbox 1594 543 1700 585; x_wconf 89' lang='lat' dir='ltr'>illud</span> <span class='ocrx_word' id='word_1_40' title='bbox 1733 544 1868 598; x_wconf 87' lang='lat' dir='ltr'>doleo,</span> <span class='ocrx_word' id='word_1_41' title='bbox 1900 544 1943 585; x_wconf 90' lang='lat' dir='ltr'>in</span> <span class='ocrx_word' id='word_1_42' title='bbox 1977 545 2061 586; x_wconf 85' lang='lat' dir='ltr'>ista</span> <span class='ocrx_word' id='word_1_43' title='bbox 2097 556 2113 581; x_wconf 83' lang='lat'>5</span> 
     </span>
     <span class='ocr_line' id='line_1_8' title="bbox 366 613 2062 671; baseline -0.005 -6"><span class='ocrx_word' id='word_1_44' title='bbox 366 626 458 665; x_wconf 73' lang='lat' dir='ltr'>loca</span> <span class='ocrx_word' id='word_1_45' title='bbox 489 622 632 663; x_wconf 83' lang='lat' dir='ltr'>venire</span> <span class='ocrx_word' id='word_1_46' title='bbox 666 634 744 671; x_wconf 80' lang='lat' dir='ltr'>me,</span> <span class='ocrx_word' id='word_1_47' title='bbox 776 620 825 658; x_wconf 91' lang='lat' dir='ltr'>ut</span> <span class='ocrx_word' id='word_1_48' title='bbox 858 615 1181 669; x_wconf 85' lang='lat' dir='ltr'>constitueram,</span> <span class='ocrx_word' id='word_1_49' title='bbox 1212 628 1299 656; x_wconf 86' lang='lat' dir='ltr'>non</span> <span class='ocrx_word' id='word_1_50' title='bbox 1325 613 1539 669; x_wconf 79' lang='lat' dir='ltr'>potuisse3</span> <span class='ocrx_word' id='word_1_51' title='bbox 1571 614 1798 656; x_wconf 82' lang='lat' dir='ltr'>habuisses</span> <span class='ocrx_word' id='word_1_52' title='bbox 1831 615 1944 656; x_wconf 89' lang='lat' dir='ltr'>enim</span> <span class='ocrx_word' id='word_1_53' title='bbox 1975 629 2062 657; x_wconf 92' lang='lat' dir='ltr'>non</span> 
     </span>
     <span class='ocr_line' id='line_1_9' title="bbox 366 685 2062 747; baseline -0.004 -12"><span class='ocrx_word' id='word_1_54' title='bbox 366 693 592 747; x_wconf 87' lang='lat' dir='ltr'>hospitem,</span> <span class='ocrx_word' id='word_1_55' title='bbox 625 690 696 732; x_wconf 89' lang='lat' dir='ltr'>sed</span> <span class='ocrx_word' id='word_1_56' title='bbox 731 687 1093 730; x_wconf 63' lang='lat' dir='ltr'>contubernalem.</span> <span class='ocrx_word' id='word_1_57' title='bbox 1150 688 1195 727; x_wconf 88' lang='lat' dir='ltr'>at</span> <span class='ocrx_word' id='word_1_58' title='bbox 1227 700 1353 739; x_wconf 83' lang='lat' dir='ltr'>quem</span> <span class='ocrx_word' id='word_1_59' title='bbox 1384 685 1541 727; x_wconf 78' lang='lat' dir='ltr'>virum!</span> <span class='ocrx_word' id='word_1_60' title='bbox 1595 699 1681 727; x_wconf 90' lang='lat' dir='ltr'>non</span> <span class='ocrx_word' id='word_1_61' title='bbox 1714 701 1823 741; x_wconf 86' lang='lat' dir='ltr'>eum,</span> <span class='ocrx_word' id='word_1_62' title='bbox 1855 701 1982 741; x_wconf 91' lang='lat' dir='ltr'>quem</span> <span class='ocrx_word' id='word_1_63' title='bbox 2013 689 2062 728; x_wconf 90' lang='lat' dir='ltr'>tu</span> 
     </span>
     <span class='ocr_line' id='line_1_10' title="bbox 365 755 2064 815; baseline -0.004 -10"><span class='ocrx_word' id='word_1_64' title='bbox 365 780 408 805; x_wconf 89' lang='lat' dir='ltr'>es</span> <span class='ocrx_word' id='word_1_65' title='bbox 442 763 595 805; x_wconf 86' lang='lat' dir='ltr'>solitus</span> <span class='ocrx_word' id='word_1_66' title='bbox 628 758 890 815; x_wconf 84' lang='lat' dir='ltr'>promulside</span> <span class='ocrx_word' id='word_1_67' title='bbox 932 757 1156 798; x_wconf 86' lang='lat' dir='ltr'>conficere:</span> <span class='ocrx_word' id='word_1_68' title='bbox 1195 755 1413 812; x_wconf 80' lang='lat' dir='ltr'>integram</span> <span class='ocrx_word' id='word_1_69' title='bbox 1450 756 1609 797; x_wconf 89' lang='lat' dir='ltr'>famem</span> <span class='ocrx_word' id='word_1_70' title='bbox 1647 757 1699 798; x_wconf 92' lang='lat' dir='ltr'>ad</span> <span class='ocrx_word' id='word_1_71' title='bbox 1739 771 1864 798; x_wconf 88' lang='lat' dir='ltr'>ovum</span> <span class='ocrx_word' id='word_1_72' title='bbox 1905 757 2064 813; x_wconf 86' lang='lat' dir='ltr'>adfero,</span> 
     </span>
     <span class='ocr_line' id='line_1_11' title="bbox 366 821 2062 888; baseline -0.004 -12"><span class='ocrx_word' id='word_1_73' title='bbox 366 836 508 888; x_wconf 82' lang='lat' dir='ltr'>itaque</span> <span class='ocrx_word' id='word_1_74' title='bbox 540 846 673 886; x_wconf 88' lang='lat' dir='ltr'>nsque</span> <span class='ocrx_word' id='word_1_75' title='bbox 709 830 759 871; x_wconf 85' lang='lat' dir='ltr'>ad</span> <span class='ocrx_word' id='word_1_76' title='bbox 794 843 938 870; x_wconf 87' lang='lat' dir='ltr'>assum</span> <span class='ocrx_word' id='word_1_77' title='bbox 964 827 1196 869; x_wconf 88' lang='lat' dir='ltr'>vitulinum</span> <span class='ocrx_word' id='word_1_78' title='bbox 1229 842 1360 882; x_wconf 87' lang='lat' dir='ltr'>opera</span> <span class='ocrx_word' id='word_1_79' title='bbox 1392 821 1652 882; x_wconf 80' lang='lat' dir='ltr'>perducitur.</span> <span class='ocrx_word' id='word_1_80' title='bbox 1708 827 1784 869; x_wconf 90' lang='lat' dir='ltr'>illa</span> <span class='ocrx_word' id='word_1_81' title='bbox 1817 843 1925 883; x_wconf 73' lang='lat' dir='ltr'>mea,</span> <span class='ocrx_word' id='word_1_82' title='bbox 1955 842 2062 882; x_wconf 84' lang='lat' dir='ltr'>quae</span> 
     </span>
     <span class='ocr_line' id='line_1_12' title="bbox 366 897 2119 954; baseline -0.003 -8"><span class='ocrx_word' id='word_1_83' title='bbox 366 905 533 947; x_wconf 87' lang='lat' dir='ltr'>solebas</span> <span class='ocrx_word' id='word_1_84' title='bbox 577 905 701 943; x_wconf 87' lang='lat' dir='ltr'>antea</span> <span class='ocrx_word' id='word_1_85' title='bbox 733 900 924 954; x_wconf 85' lang='lat' dir='ltr'>laudare,</span> <span class='ocrx_word' id='word_1_86' title='bbox 966 898 1013 939; x_wconf 64' lang='lat' dir='ltr'>‘o</span> <span class='ocrx_word' id='word_1_87' title='bbox 1050 898 1272 940; x_wconf 87' lang='lat' dir='ltr'>hominem</span> <span class='ocrx_word' id='word_1_88' title='bbox 1309 897 1499 940; x_wconf 77' lang='lat' dir='ltr'>facilem!</span> <span class='ocrx_word' id='word_1_89' title='bbox 1546 913 1569 939; x_wconf 95' lang='lat' dir='ltr'>o</span> <span class='ocrx_word' id='word_1_90' title='bbox 1601 897 1820 953; x_wconf 72' lang='lat' dir='ltr'>hospitem</span> <span class='ocrx_word' id='word_1_91' title='bbox 1851 913 1939 940; x_wconf 90' lang='lat' dir='ltr'>non</span> <span class='ocrx_word' id='word_1_92' title='bbox 1971 913 2065 954; x_wconf 84' lang='lat' dir='ltr'>gra·</span> <span class='ocrx_word' id='word_1_93' title='bbox 2086 910 2119 935; x_wconf 91' lang='lat'>10</span> 
     </span>
     <span class='ocr_line' id='line_1_13' title="bbox 366 970 2065 1027; baseline -0.004 -10"><span class='ocrx_word' id='word_1_94' title='bbox 366 974 501 1018; x_wconf 84' lang='lat' dir='ltr'>vem!&#39;</span> <span class='ocrx_word' id='word_1_95' title='bbox 535 974 752 1027; x_wconf 81' lang='lat' dir='ltr'>abierunt3</span> <span class='ocrx_word' id='word_1_96' title='bbox 783 985 885 1013; x_wconf 88' lang='lat' dir='ltr'>nam</span> <span class='ocrx_word' id='word_1_97' title='bbox 914 984 1085 1011; x_wconf 88' lang='lat' dir='ltr'>omnem</span> <span class='ocrx_word' id='word_1_98' title='bbox 1110 972 1306 1011; x_wconf 83' lang='lat' dir='ltr'>nostram</span> <span class='ocrx_word' id='word_1_99' title='bbox 1338 970 1388 1010; x_wconf 89' lang='lat' dir='ltr'>de</span> <span class='ocrx_word' id='word_1_100' title='bbox 1421 984 1464 1011; x_wconf 87' lang='lat' dir='ltr'>re</span> <span class='ocrx_word' id='word_1_101' title='bbox 1491 984 1530 1024; x_wconf 88' lang='lat' dir='ltr'>p.</span> <span class='ocrx_word' id='word_1_102' title='bbox 1564 984 1722 1023; x_wconf 84' lang='lat' dir='ltr'>curam,</span> <span class='ocrx_word' id='word_1_103' title='bbox 1756 970 2065 1025; x_wconf 72' lang='lat' dir='ltr'>cogitationem</span> 
     </span>
     <span class='ocr_line' id='line_1_14' title="bbox 367 1040 2066 1096; baseline -0.003 -9"><span class='ocrx_word' id='word_1_104' title='bbox 367 1047 417 1087; x_wconf 89' lang='lat' dir='ltr'>de</span> <span class='ocrx_word' id='word_1_105' title='bbox 462 1044 639 1086; x_wconf 87' lang='lat' dir='ltr'>dicenda</span> <span class='ocrx_word' id='word_1_106' title='bbox 677 1043 721 1084; x_wconf 88' lang='grc'>111</span> <span class='ocrx_word' id='word_1_107' title='bbox 760 1044 910 1083; x_wconf 89' lang='lat' dir='ltr'>senatu</span> <span class='ocrx_word' id='word_1_108' title='bbox 956 1040 1188 1096; x_wconf 85' lang='lat' dir='ltr'>sententia,</span> <span class='ocrx_word' id='word_1_109' title='bbox 1232 1040 1639 1082; x_wconf 79' lang='lat' dir='ltr'>commentationem</span> <span class='ocrx_word' id='word_1_110' title='bbox 1684 1055 1909 1082; x_wconf 83' lang='lat' dir='ltr'>causarum</span> <span class='ocrx_word' id='word_1_111' title='bbox 1953 1041 2066 1082; x_wconf 84' lang='lat' dir='ltr'>abie-</span> 
     </span>
     <span class='ocr_line' id='line_1_15' title="bbox 368 1111 2068 1170; baseline -0.003 -12"><span class='ocrx_word' id='word_1_112' title='bbox 368 1117 516 1170; x_wconf 72' lang='lat' dir='ltr'>cimus,</span> <span class='ocrx_word' id='word_1_113' title='bbox 542 1115 586 1156; x_wconf 88' lang='lat' dir='ltr'>in</span> <span class='ocrx_word' id='word_1_114' title='bbox 612 1113 791 1168; x_wconf 85' lang='lat' dir='ltr'>Epicuri</span> <span class='ocrx_word' id='word_1_115' title='bbox 816 1127 907 1167; x_wconf 77' lang='lat' dir='ltr'>nos,</span> <span class='ocrx_word' id='word_1_116' title='bbox 933 1111 1167 1153; x_wconf 86' lang='lat' dir='ltr'>adversarii</span> <span class='ocrx_word' id='word_1_117' title='bbox 1192 1111 1345 1164; x_wconf 80' lang='lat' dir='ltr'>nostri,</span> <span class='ocrx_word' id='word_1_118' title='bbox 1377 1114 1519 1153; x_wconf 88' lang='lat' dir='ltr'>castra</span> <span class='ocrx_word' id='word_1_119' title='bbox 1546 1111 1788 1166; x_wconf 87' lang='lat' dir='ltr'>coiecimus‚</span> <span class='ocrx_word' id='word_1_120' title='bbox 1819 1126 1897 1154; x_wconf 89' lang='lat' dir='ltr'>nec</span> <span class='ocrx_word' id='word_1_121' title='bbox 1923 1114 2068 1154; x_wconf 86' lang='lat' dir='ltr'>tamen</span> 
     </span>
     <span class='ocr_line' id='line_1_16' title="bbox 368 1182 2068 1237; baseline -0.003 -8"><span class='ocrx_word' id='word_1_122' title='bbox 368 1188 419 1229; x_wconf 80' lang='lat' dir='ltr'>ad</span> <span class='ocrx_word' id='word_1_123' title='bbox 456 1188 567 1228; x_wconf 87' lang='lat' dir='ltr'>hanc</span> <span class='ocrx_word' id='word_1_124' title='bbox 605 1183 900 1236; x_wconf 77' lang='lat' dir='ltr'>insolentiam,</span> <span class='ocrx_word' id='word_1_125' title='bbox 943 1183 1014 1224; x_wconf 90' lang='lat' dir='ltr'>sed</span> <span class='ocrx_word' id='word_1_126' title='bbox 1053 1183 1105 1223; x_wconf 86' lang='lat' dir='ltr'>ad</span> <span class='ocrx_word' id='word_1_127' title='bbox 1143 1182 1264 1223; x_wconf 89' lang='lat' dir='ltr'>illam</span> <span class='ocrx_word' id='word_1_128' title='bbox 1303 1185 1423 1224; x_wconf 89' lang='lat' dir='ltr'>tuam</span> <span class='ocrx_word' id='word_1_129' title='bbox 1461 1182 1697 1237; x_wconf 86' lang='lat' dir='ltr'>lautitiam,</span> <span class='ocrx_word' id='word_1_130' title='bbox 1735 1185 1923 1224; x_wconf 87' lang='lat' dir='ltr'>veterem</span> <span class='ocrx_word' id='word_1_131' title='bbox 1962 1182 2068 1234; x_wconf 88' lang='lat' dir='ltr'>dico,</span> 
     </span>
     <span class='ocr_line' id='line_1_17' title="bbox 369 1252 2122 1310; baseline -0.003 -10"><span class='ocrx_word' id='word_1_132' title='bbox 369 1273 465 1300; x_wconf 90' lang='lat' dir='ltr'>cum</span> <span class='ocrx_word' id='word_1_133' title='bbox 503 1258 547 1298; x_wconf 89' lang='lat' dir='ltr'>in</span> <span class='ocrx_word' id='word_1_134' title='bbox 587 1258 807 1310; x_wconf 85' lang='lat' dir='ltr'>sumptum</span> <span class='ocrx_word' id='word_1_135' title='bbox 844 1253 1055 1308; x_wconf 81' lang='lat' dir='ltr'>habebas,</span> <span class='ocrx_word' id='word_1_136' title='bbox 1097 1253 1178 1294; x_wconf 88' lang='lat' dir='ltr'>etsi</span> <span class='ocrx_word' id='word_1_137' title='bbox 1216 1268 1452 1308; x_wconf 81' lang='lat' dir='ltr'>numquam</span> <span class='ocrx_word' id='word_1_138' title='bbox 1488 1253 1614 1308; x_wconf 84' lang='lat' dir='ltr'>plura</span> <span class='ocrx_word' id='word_1_139' title='bbox 1650 1253 1826 1308; x_wconf 87' lang='lat' dir='ltr'>praedia</span> <span class='ocrx_word' id='word_1_140' title='bbox 1861 1252 2068 1295; x_wconf 87' lang='lat' dir='ltr'>habuisti.</span> <span class='ocrx_word' id='word_1_141' title='bbox 2089 1265 2122 1291; x_wconf 86' lang='lat'>15</span> 
     </span>
     <span class='ocr_line' id='line_1_18' title="bbox 368 1323 2069 1384; baseline -0.003 -14"><span class='ocrx_word' id='word_1_142' title='bbox 368 1328 545 1384; x_wconf 84' lang='lat' dir='ltr'>proinde</span> <span class='ocrx_word' id='word_1_143' title='bbox 572 1331 614 1369; x_wconf 92' lang='lat' dir='ltr'>te</span> <span class='ocrx_word' id='word_1_144' title='bbox 641 1341 762 1382; x_wconf 86' lang='lat' dir='ltr'>para:</span> <span class='ocrx_word' id='word_1_145' title='bbox 791 1340 886 1367; x_wconf 89' lang='lat' dir='ltr'>cum</span> <span class='ocrx_word' id='word_1_146' title='bbox 912 1324 1086 1366; x_wconf 89' lang='lat' dir='ltr'>homine</span> <span class='ocrx_word' id='word_1_147' title='bbox 1115 1327 1157 1365; x_wconf 90' lang='lat' dir='ltr'>et</span> <span class='ocrx_word' id='word_1_148' title='bbox 1183 1324 1301 1365; x_wconf 84' lang='lat' dir='ltr'>edaci</span> <span class='ocrx_word' id='word_1_149' title='bbox 1328 1323 1410 1365; x_wconf 89' lang='lat' dir='ltr'>tibi</span> <span class='ocrx_word' id='word_1_150' title='bbox 1436 1339 1503 1366; x_wconf 89' lang='lat' dir='ltr'>res</span> <span class='ocrx_word' id='word_1_151' title='bbox 1531 1327 1597 1366; x_wconf 90' lang='lat' dir='ltr'>est</span> <span class='ocrx_word' id='word_1_152' title='bbox 1624 1327 1667 1366; x_wconf 90' lang='lat' dir='ltr'>et</span> <span class='ocrx_word' id='word_1_153' title='bbox 1694 1324 1767 1379; x_wconf 86' lang='lat' dir='ltr'>qui</span> <span class='ocrx_word' id='word_1_154' title='bbox 1794 1324 1881 1365; x_wconf 86' lang='lat' dir='ltr'>iam</span> <span class='ocrx_word' id='word_1_155' title='bbox 1907 1324 2069 1380; x_wconf 87' lang='lat' dir='ltr'>aliquid</span> 
     </span>
     <span class='ocr_line' id='line_1_19' title="bbox 368 1395 2068 1455; baseline -0.002 -14"><span class='ocrx_word' id='word_1_156' title='bbox 368 1399 613 1455; x_wconf 79' lang='lat' dir='ltr'>intellegat,</span> <span class='ocrx_word' id='word_1_157' title='bbox 664 1398 901 1452; x_wconf 74' lang='grc' dir='ltr'><em>ὀψιμαθεῖς</em></span> <span class='ocrx_word' id='word_1_158' title='bbox 952 1398 1095 1437; x_wconf 89' lang='lat' dir='ltr'>autem</span> <span class='ocrx_word' id='word_1_159' title='bbox 1145 1395 1342 1437; x_wconf 89' lang='lat' dir='ltr'>homines</span> <span class='ocrx_word' id='word_1_160' title='bbox 1388 1395 1471 1437; x_wconf 88' lang='lat' dir='ltr'>scis</span> <span class='ocrx_word' id='word_1_161' title='bbox 1517 1410 1646 1450; x_wconf 89' lang='lat' dir='ltr'>quam</span> <span class='ocrx_word' id='word_1_162' title='bbox 1690 1395 1925 1437; x_wconf 87' lang='lat' dir='ltr'>insolentes</span> <span class='ocrx_word' id='word_1_163' title='bbox 1970 1396 2068 1437; x_wconf 90' lang='lat' dir='ltr'>sint.</span> 
     </span>
     <span class='ocr_line' id='line_1_20' title="bbox 369 1466 2070 1522; baseline -0.003 -9"><span class='ocrx_word' id='word_1_164' title='bbox 369 1470 647 1513; x_wconf 84' lang='lat' dir='ltr'>dediscendae</span> <span class='ocrx_word' id='word_1_165' title='bbox 687 1468 768 1510; x_wconf 89' lang='lat' dir='ltr'>tibi</span> <span class='ocrx_word' id='word_1_166' title='bbox 811 1470 912 1509; x_wconf 90' lang='lat' dir='ltr'>sunt</span> <span class='ocrx_word' id='word_1_167' title='bbox 957 1466 1188 1521; x_wconf 81' lang='lat' dir='ltr'>sportellae</span> <span class='ocrx_word' id='word_1_168' title='bbox 1227 1468 1270 1508; x_wconf 90' lang='lat' dir='ltr'>et</span> <span class='ocrx_word' id='word_1_169' title='bbox 1310 1467 1554 1522; x_wconf 81' lang='lat' dir='ltr'>artolagani</span> <span class='ocrx_word' id='word_1_170' title='bbox 1592 1467 1677 1508; x_wconf 91' lang='lat' dir='ltr'>tui:</span> <span class='ocrx_word' id='word_1_171' title='bbox 1720 1481 1801 1508; x_wconf 90' lang='lat' dir='ltr'>nos</span> <span class='ocrx_word' id='word_1_172' title='bbox 1846 1466 1933 1508; x_wconf 88' lang='lat' dir='ltr'>iam</span> <span class='ocrx_word' id='word_1_173' title='bbox 1977 1467 2070 1522; x_wconf 85' lang='lat' dir='ltr'>†ex</span> 
     </span>
     <span class='ocr_line' id='line_1_21' title="bbox 369 1536 2070 1592; baseline -0.003 -8"><span class='ocrx_word' id='word_1_174' title='bbox 369 1542 475 1584; x_wconf 86' lang='lat' dir='ltr'>artis</span> <span class='ocrx_word' id='word_1_175' title='bbox 508 1544 679 1582; x_wconf 85' lang='lat' dir='ltr'>tantum</span> <span class='ocrx_word' id='word_1_176' title='bbox 710 1539 931 1592; x_wconf 85' lang='lat' dir='ltr'>habemus,</span> <span class='ocrx_word' id='word_1_177' title='bbox 963 1540 1012 1579; x_wconf 89' lang='lat' dir='ltr'>ut</span> <span class='ocrx_word' id='word_1_178' title='bbox 1040 1536 1240 1578; x_wconf 84' lang='lat' dir='ltr'>Verrium</span> <span class='ocrx_word' id='word_1_179' title='bbox 1272 1540 1396 1579; x_wconf 87' lang='lat' dir='ltr'>tuum</span> <span class='ocrx_word' id='word_1_180' title='bbox 1429 1540 1472 1579; x_wconf 90' lang='lat' dir='ltr'>et</span> <span class='ocrx_word' id='word_1_181' title='bbox 1499 1537 1730 1580; x_wconf 82' lang='lat' dir='ltr'>Camillum</span> <span class='ocrx_word' id='word_1_182' title='bbox 1756 1561 1814 1567; x_wconf 92' lang='lat'>—</span> <span class='ocrx_word' id='word_1_183' title='bbox 1840 1552 1923 1592; x_wconf 84' lang='lat' dir='ltr'>qua</span> <span class='ocrx_word' id='word_1_184' title='bbox 1950 1553 2070 1580; x_wconf 92' lang='lat' dir='ltr'>mun-</span> 
     </span>
     <span class='ocr_line' id='line_1_22' title="bbox 371 1608 2126 1664; baseline -0.002 -10"><span class='ocrx_word' id='word_1_185' title='bbox 371 1613 476 1654; x_wconf 84' lang='lat' dir='ltr'>ditia</span> <span class='ocrx_word' id='word_1_186' title='bbox 501 1611 711 1664; x_wconf 86' lang='lat' dir='ltr'>homines,</span> <span class='ocrx_word' id='word_1_187' title='bbox 745 1624 829 1664; x_wconf 85' lang='lat' dir='ltr'>qua</span> <span class='ocrx_word' id='word_1_188' title='bbox 861 1608 1093 1664; x_wconf 82' lang='lat' dir='ltr'>elegantia!</span> <span class='ocrx_word' id='word_1_189' title='bbox 1127 1632 1185 1637; x_wconf 90' lang='lat'>—</span> <span class='ocrx_word' id='word_1_190' title='bbox 1211 1623 1363 1650; x_wconf 85' lang='lat' dir='ltr'>vocare</span> <span class='ocrx_word' id='word_1_191' title='bbox 1391 1608 1561 1663; x_wconf 88' lang='lat' dir='ltr'>saepius</span> <span class='ocrx_word' id='word_1_192' title='bbox 1590 1608 1834 1650; x_wconf 85' lang='lat' dir='ltr'>audeamus.</span> <span class='ocrx_word' id='word_1_193' title='bbox 1875 1609 1950 1651; x_wconf 85' lang='lat' dir='ltr'>sed</span> <span class='ocrx_word' id='word_1_194' title='bbox 1976 1608 2071 1651; x_wconf 89' lang='lat' dir='ltr'>vide</span> <span class='ocrx_word' id='word_1_195' title='bbox 2091 1620 2126 1644; x_wconf 77' lang='lat'>20</span> 
     </span>
     <span class='ocr_line' id='line_1_23' title="bbox 372 1678 2074 1735; baseline -0.002 -9"><span class='ocrx_word' id='word_1_196' title='bbox 372 1683 610 1726; x_wconf 83' lang='lat' dir='ltr'>audaciam:</span> <span class='ocrx_word' id='word_1_197' title='bbox 643 1682 773 1723; x_wconf 85' lang='lat' dir='ltr'>etiam</span> <span class='ocrx_word' id='word_1_198' title='bbox 799 1679 945 1722; x_wconf 88' lang='lat' dir='ltr'>Hirtio</span> <span class='ocrx_word' id='word_1_199' title='bbox 974 1693 1123 1720; x_wconf 87' lang='lat' dir='ltr'>cenam</span> <span class='ocrx_word' id='word_1_200' title='bbox 1155 1679 1263 1733; x_wconf 82' lang='lat' dir='ltr'>dedi,</span> <span class='ocrx_word' id='word_1_201' title='bbox 1295 1678 1386 1720; x_wconf 90' lang='lat' dir='ltr'>sine</span> <span class='ocrx_word' id='word_1_202' title='bbox 1417 1694 1583 1734; x_wconf 84' lang='lat' dir='ltr'>pavone</span> <span class='ocrx_word' id='word_1_203' title='bbox 1617 1682 1780 1735; x_wconf 83' lang='lat' dir='ltr'>tamen3</span> <span class='ocrx_word' id='word_1_204' title='bbox 1811 1679 1857 1721; x_wconf 88' lang='lat' dir='ltr'>in</span> <span class='ocrx_word' id='word_1_205' title='bbox 1888 1695 1937 1721; x_wconf 87' lang='lat' dir='ltr'>ea</span> <span class='ocrx_word' id='word_1_206' title='bbox 1969 1694 2074 1722; x_wconf 84' lang='lat' dir='ltr'>cena</span> 
     </span>
     <span class='ocr_line' id='line_1_24' title="bbox 374 1750 2073 1807; baseline -0.003 -10"><span class='ocrx_word' id='word_1_207' title='bbox 374 1769 499 1797; x_wconf 89' lang='lat' dir='ltr'>cocus</span> <span class='ocrx_word' id='word_1_208' title='bbox 542 1768 661 1795; x_wconf 87' lang='lat' dir='ltr'>meus</span> <span class='ocrx_word' id='word_1_209' title='bbox 700 1754 871 1807; x_wconf 82' lang='lat' dir='ltr'>praeter</span> <span class='ocrx_word' id='word_1_210' title='bbox 908 1751 974 1791; x_wconf 90' lang='lat' dir='ltr'>ius</span> <span class='ocrx_word' id='word_1_211' title='bbox 1012 1750 1181 1791; x_wconf 83' lang='lat' dir='ltr'>fervens</span> <span class='ocrx_word' id='word_1_212' title='bbox 1219 1750 1328 1791; x_wconf 89' lang='lat' dir='ltr'>nihil</span> <span class='ocrx_word' id='word_1_213' title='bbox 1367 1750 1512 1805; x_wconf 75' lang='lat' dir='ltr'>(non)</span> <span class='ocrx_word' id='word_1_214' title='bbox 1550 1750 1693 1805; x_wconf 88' lang='lat' dir='ltr'>potuit</span> <span class='ocrx_word' id='word_1_215' title='bbox 1731 1751 1907 1792; x_wconf 86' lang='lat' dir='ltr'>imitari.</span> <span class='ocrx_word' id='word_1_216' title='bbox 1968 1751 2073 1793; x_wconf 88' lang='lat' dir='ltr'>haec</span> 
     </span>
     <span class='ocr_line' id='line_1_25' title="bbox 375 1821 2073 1881; baseline -0.002 -15"><span class='ocrx_word' id='word_1_217' title='bbox 375 1826 510 1881; x_wconf 80' lang='lat' dir='ltr'>igitur</span> <span class='ocrx_word' id='word_1_218' title='bbox 544 1827 609 1865; x_wconf 89' lang='lat' dir='ltr'>est</span> <span class='ocrx_word' id='word_1_219' title='bbox 640 1838 752 1865; x_wconf 87' lang='lat' dir='ltr'>nunc</span> <span class='ocrx_word' id='word_1_220' title='bbox 790 1822 879 1864; x_wconf 87' lang='lat' dir='ltr'>vita</span> <span class='ocrx_word' id='word_1_221' title='bbox 915 1824 1083 1863; x_wconf 84' lang='lat' dir='ltr'>nostra:</span> <span class='ocrx_word' id='word_1_222' title='bbox 1125 1836 1248 1862; x_wconf 89' lang='lat' dir='ltr'>mane</span> <span class='ocrx_word' id='word_1_223' title='bbox 1288 1821 1527 1862; x_wconf 87' lang='lat' dir='ltr'>salutamus</span> <span class='ocrx_word' id='word_1_224' title='bbox 1566 1821 1681 1863; x_wconf 89' lang='lat' dir='ltr'>domi</span> <span class='ocrx_word' id='word_1_225' title='bbox 1714 1824 1757 1863; x_wconf 90' lang='lat' dir='ltr'>et</span> <span class='ocrx_word' id='word_1_226' title='bbox 1788 1822 1924 1863; x_wconf 89' lang='lat' dir='ltr'>bonos</span> <span class='ocrx_word' id='word_1_227' title='bbox 1957 1821 2073 1863; x_wconf 88' lang='lat' dir='ltr'>viros</span> 
     </span>
     <span class='ocr_line' id='line_1_26' title="bbox 374 1891 2073 1951; baseline -0.002 -14"><span class='ocrx_word' id='word_1_228' title='bbox 374 1896 554 1951; x_wconf 86' lang='lat' dir='ltr'>multos,</span> <span class='ocrx_word' id='word_1_229' title='bbox 593 1895 665 1936; x_wconf 88' lang='lat' dir='ltr'>sed</span> <span class='ocrx_word' id='word_1_230' title='bbox 697 1894 855 1948; x_wconf 82' lang='lat' dir='ltr'>tristis,</span> <span class='ocrx_word' id='word_1_231' title='bbox 897 1895 939 1934; x_wconf 89' lang='lat' dir='ltr'>et</span> <span class='ocrx_word' id='word_1_232' title='bbox 970 1892 1050 1933; x_wconf 84' lang='lat' dir='ltr'>hos</span> <span class='ocrx_word' id='word_1_233' title='bbox 1083 1892 1220 1934; x_wconf 88' lang='lat' dir='ltr'>laetos</span> <span class='ocrx_word' id='word_1_234' title='bbox 1252 1892 1456 1947; x_wconf 72' lang='lat' dir='ltr'>victores,</span> <span class='ocrx_word' id='word_1_235' title='bbox 1495 1893 1568 1947; x_wconf 86' lang='lat' dir='ltr'>qui</span> <span class='ocrx_word' id='word_1_236' title='bbox 1600 1908 1667 1934; x_wconf 91' lang='lat' dir='ltr'>me</span> <span class='ocrx_word' id='word_1_237' title='bbox 1701 1892 1874 1947; x_wconf 85' lang='lat' dir='ltr'>quidem</span> <span class='ocrx_word' id='word_1_238' title='bbox 1905 1891 2073 1947; x_wconf 88' lang='lat' dir='ltr'>peroffi-</span> 
     </span>
     <span class='ocr_line' id='line_1_27' title="bbox 375 1963 2127 2020; baseline -0.002 -12"><span class='ocrx_word' id='word_1_239' title='bbox 375 1967 487 2008; x_wconf 88' lang='lat' dir='ltr'>ciose</span> <span class='ocrx_word' id='word_1_240' title='bbox 527 1968 569 2008; x_wconf 88' lang='lat' dir='ltr'>et</span> <span class='ocrx_word' id='word_1_241' title='bbox 606 1967 878 2020; x_wconf 82' lang='lat' dir='ltr'>peramanter</span> <span class='ocrx_word' id='word_1_242' title='bbox 920 1964 1167 2018; x_wconf 81' lang='lat' dir='ltr'>observant3</span> <span class='ocrx_word' id='word_1_243' title='bbox 1211 1964 1286 2004; x_wconf 92' lang='lat' dir='ltr'>ubi</span> <span class='ocrx_word' id='word_1_244' title='bbox 1325 1963 1530 2005; x_wconf 88' lang='lat' dir='ltr'>salutatio</span> <span class='ocrx_word' id='word_1_245' title='bbox 1570 1964 1766 2018; x_wconf 82' lang='lat' dir='ltr'>defluxit,</span> <span class='ocrx_word' id='word_1_246' title='bbox 1805 1963 1964 2005; x_wconf 90' lang='lat' dir='ltr'>litteris</span> <span class='ocrx_word' id='word_1_247' title='bbox 2006 1978 2073 2005; x_wconf 89' lang='lat' dir='ltr'>me</span> <span class='ocrx_word' id='word_1_248' title='bbox 2093 1977 2127 2003; x_wconf 79' lang='lat'>25</span> 
     </span>
     <span class='ocr_line' id='line_1_28' title="bbox 374 2022 2076 2090; baseline -0.001 -12"><span class='ocrx_word' id='word_1_249' title='bbox 374 2037 565 2079; x_wconf 80' lang='lat' dir='ltr'>involvo:</span> <span class='ocrx_word' id='word_1_250' title='bbox 606 2038 680 2077; x_wconf 88' lang='lat' dir='ltr'>aut</span> <span class='ocrx_word' id='word_1_251' title='bbox 713 2035 853 2078; x_wconf 85' lang='lat' dir='ltr'>scribo</span> <span class='ocrx_word' id='word_1_252' title='bbox 887 2037 962 2076; x_wconf 87' lang='lat' dir='ltr'>aut</span> <span class='ocrx_word' id='word_1_253' title='bbox 994 2035 1111 2090; x_wconf 75' lang='lat' dir='ltr'>lego3</span> <span class='ocrx_word' id='word_1_254' title='bbox 1143 2035 1321 2076; x_wconf 88' lang='lat' dir='ltr'>veniunt</span> <span class='ocrx_word' id='word_1_255' title='bbox 1353 2022 1501 2089; x_wconf 83' lang='lat' dir='ltr'>etiam⁷</span> <span class='ocrx_word' id='word_1_256' title='bbox 1536 2033 1607 2089; x_wconf 86' lang='lat' dir='ltr'>qui</span> <span class='ocrx_word' id='word_1_257' title='bbox 1641 2049 1707 2076; x_wconf 87' lang='lat' dir='ltr'>me</span> <span class='ocrx_word' id='word_1_258' title='bbox 1740 2034 1920 2076; x_wconf 86' lang='lat' dir='ltr'>audiunt</span> <span class='ocrx_word' id='word_1_259' title='bbox 1953 2035 2076 2089; x_wconf 89' lang='lat' dir='ltr'>quasi</span> 
     </span>
     <span class='ocr_line' id='line_1_29' title="bbox 376 2105 2077 2160; baseline -0.001 -11"><span class='ocrx_word' id='word_1_260' title='bbox 376 2109 550 2150; x_wconf 90' lang='lat' dir='ltr'>doctum</span> <span class='ocrx_word' id='word_1_261' title='bbox 582 2106 821 2160; x_wconf 78' lang='lat' dir='ltr'>hominem,</span> <span class='ocrx_word' id='word_1_262' title='bbox 854 2106 954 2159; x_wconf 82' lang='lat' dir='ltr'>quia</span> <span class='ocrx_word' id='word_1_263' title='bbox 985 2106 1114 2160; x_wconf 87' lang='lat' dir='ltr'>paulo</span> <span class='ocrx_word' id='word_1_264' title='bbox 1148 2120 1243 2146; x_wconf 89' lang='lat' dir='ltr'>sum</span> <span class='ocrx_word' id='word_1_265' title='bbox 1277 2120 1406 2160; x_wconf 90' lang='lat' dir='ltr'>quam</span> <span class='ocrx_word' id='word_1_266' title='bbox 1438 2105 1522 2160; x_wconf 90' lang='lat' dir='ltr'>ipsi</span> <span class='ocrx_word' id='word_1_267' title='bbox 1555 2105 1738 2159; x_wconf 68' lang='lat' dir='ltr'>doctior,</span> <span class='ocrx_word' id='word_1_268' title='bbox 1776 2105 1874 2147; x_wconf 90' lang='lat' dir='ltr'>inde</span> <span class='ocrx_word' id='word_1_269' title='bbox 1906 2105 2077 2160; x_wconf 84' lang='lat' dir='ltr'>corpori</span> 
     </span>
     <span class='ocr_line' id='line_1_30' title="bbox 377 2175 2077 2232; baseline -0.001 -12"><span class='ocrx_word' id='word_1_270' title='bbox 377 2193 500 2221; x_wconf 88' lang='lat' dir='ltr'>omne</span> <span class='ocrx_word' id='word_1_271' title='bbox 528 2181 698 2232; x_wconf 87' lang='lat' dir='ltr'>tempus</span> <span class='ocrx_word' id='word_1_272' title='bbox 727 2178 863 2219; x_wconf 86' lang='lat' dir='ltr'>datur.</span> <span class='ocrx_word' id='word_1_273' title='bbox 913 2177 1100 2231; x_wconf 88' lang='lat' dir='ltr'>patriam</span> <span class='ocrx_word' id='word_1_274' title='bbox 1128 2176 1242 2217; x_wconf 87' lang='lat' dir='ltr'>eluxi</span> <span class='ocrx_word' id='word_1_275' title='bbox 1275 2176 1362 2217; x_wconf 92' lang='lat' dir='ltr'>iam</span> <span class='ocrx_word' id='word_1_276' title='bbox 1394 2179 1437 2218; x_wconf 91' lang='lat' dir='ltr'>et</span> <span class='ocrx_word' id='word_1_277' title='bbox 1469 2176 1643 2232; x_wconf 79' lang='lat' dir='ltr'>gravius</span> <span class='ocrx_word' id='word_1_278' title='bbox 1671 2179 1715 2218; x_wconf 89' lang='lat' dir='ltr'>et</span> <span class='ocrx_word' id='word_1_279' title='bbox 1741 2175 1915 2230; x_wconf 72' lang='lat' dir='ltr'>diutius,</span> <span class='ocrx_word' id='word_1_280' title='bbox 1947 2191 2077 2231; x_wconf 87' lang='lat' dir='ltr'>quam</span> 
     </span>
     <span class='ocr_line' id='line_1_31' title="bbox 376 2247 2076 2302; baseline -0.001 -12"><span class='ocrx_word' id='word_1_281' title='bbox 376 2250 464 2291; x_wconf 89' lang='lat' dir='ltr'>ulla</span> <span class='ocrx_word' id='word_1_282' title='bbox 503 2251 641 2290; x_wconf 88' lang='lat' dir='ltr'>mater</span> <span class='ocrx_word' id='word_1_283' title='bbox 678 2247 852 2290; x_wconf 88' lang='lat' dir='ltr'>unicum</span> <span class='ocrx_word' id='word_1_284' title='bbox 892 2248 1042 2289; x_wconf 88' lang='lat' dir='ltr'>filium.</span> <span class='ocrx_word' id='word_1_285' title='bbox 1104 2247 1178 2288; x_wconf 89' lang='lat' dir='ltr'>sed</span> <span class='ocrx_word' id='word_1_286' title='bbox 1217 2261 1334 2301; x_wconf 83' lang='lat' dir='ltr'>cura,</span> <span class='ocrx_word' id='word_1_287' title='bbox 1376 2247 1412 2288; x_wconf 92' lang='lat' dir='ltr'>si</span> <span class='ocrx_word' id='word_1_288' title='bbox 1451 2263 1518 2289; x_wconf 91' lang='lat' dir='ltr'>me</span> <span class='ocrx_word' id='word_1_289' title='bbox 1558 2262 1694 2302; x_wconf 83' lang='lat' dir='ltr'>amas,</span> <span class='ocrx_word' id='word_1_290' title='bbox 1736 2250 1785 2288; x_wconf 89' lang='lat' dir='ltr'>ut</span> <span class='ocrx_word' id='word_1_291' title='bbox 1821 2247 1984 2301; x_wconf 85' lang='lat' dir='ltr'>valeas,</span> <span class='ocrx_word' id='word_1_292' title='bbox 2023 2261 2076 2289; x_wconf 91' lang='lat' dir='ltr'>ne</span> 
     </span>
    </p>
   </div>
   <div class='ocr_carea' id='block_1_5' title="bbox 378 2317 2131 3116">
    <p class='ocr_par' dir='ltr' id='par_1_5' title="bbox 378 2317 2131 2444">
     <span class='ocr_line' id='line_1_32' title="bbox 378 2317 2131 2375; baseline -0.003 -14"><span class='ocrx_word' id='word_1_293' title='bbox 378 2334 456 2375; x_wconf 78' lang='lat' dir='ltr'>ego</span> <span class='ocrx_word' id='word_1_294' title='bbox 495 2322 536 2360; x_wconf 87' lang='lat' dir='ltr'>te</span> <span class='ocrx_word' id='word_1_295' title='bbox 574 2319 738 2361; x_wconf 86' lang='lat' dir='ltr'>iacente</span> <span class='ocrx_word' id='word_1_296' title='bbox 783 2319 896 2360; x_wconf 89' lang='lat' dir='ltr'>bona</span> <span class='ocrx_word' id='word_1_297' title='bbox 941 2322 1015 2359; x_wconf 88' lang='lat' dir='ltr'>tua</span> <span class='ocrx_word' id='word_1_298' title='bbox 1060 2317 1291 2371; x_wconf 68' lang='lat' dir='ltr'>comedim,</span> <span class='ocrx_word' id='word_1_299' title='bbox 1337 2318 1471 2359; x_wconf 88' lang='lat' dir='ltr'>statui</span> <span class='ocrx_word' id='word_1_300' title='bbox 1517 2319 1631 2360; x_wconf 91' lang='lat' dir='ltr'>enim</span> <span class='ocrx_word' id='word_1_301' title='bbox 1674 2317 1756 2360; x_wconf 90' lang='lat' dir='ltr'>tibi</span> <span class='ocrx_word' id='word_1_302' title='bbox 1799 2333 1852 2360; x_wconf 91' lang='lat' dir='ltr'>ne</span> <span class='ocrx_word' id='word_1_303' title='bbox 1897 2320 2076 2374; x_wconf 81' lang='lat' dir='ltr'>aegroto</span> <span class='ocrx_word' id='word_1_304' title='bbox 2097 2331 2131 2356; x_wconf 89' lang='lat'>30</span> 
     </span>
     <span class='ocr_line' id='line_1_33' title="bbox 379 2390 764 2444; baseline -0.003 -13"><span class='ocrx_word' id='word_1_305' title='bbox 379 2390 549 2444; x_wconf 87' lang='lat' dir='ltr'>quidem</span> <span class='ocrx_word' id='word_1_306' title='bbox 581 2404 764 2444; x_wconf 85' lang='lat' dir='ltr'>parcere.</span> 
     </span>
    </p>

    <p class='ocr_par' dir='ltr' id='par_1_6' title="bbox 380 2504 2082 3116">
     <span class='ocr_line' id='line_1_34' title="bbox 497 2504 2079 2552; baseline 0 -13"><span class='ocrx_word' id='word_1_307' title='bbox 497 2510 527 2540; x_wconf 91' lang='lat'>4.</span> <span class='ocrx_word' id='word_1_308' title='bbox 556 2509 586 2539; x_wconf 87' lang='lat'>5.</span> <span class='ocrx_word' id='word_1_309' title='bbox 616 2517 779 2540; x_wconf 85' lang='lat' dir='ltr'>scurram</span> <span class='ocrx_word' id='word_1_310' title='bbox 804 2505 972 2552; x_wconf 87' lang='lat' dir='ltr'>velitem]</span> <span class='ocrx_word' id='word_1_311' title='bbox 1000 2507 1045 2549; x_wconf 73' lang='lat' dir='ltr'>cf.</span> <span class='ocrx_word' id='word_1_312' title='bbox 1069 2508 1108 2541; x_wconf 76' lang='grc' dir='ltr'>Ο.</span> <span class='ocrx_word' id='word_1_313' title='bbox 1129 2507 1287 2541; x_wconf 68' lang='lat' dir='ltr'>Ribbeck</span> <span class='ocrx_word' id='word_1_314' title='bbox 1306 2506 1440 2541; x_wconf 77' lang='lat' dir='ltr'>Abhdl.</span> <span class='ocrx_word' id='word_1_315' title='bbox 1467 2507 1500 2541; x_wconf 80' lang='lat' dir='ltr'>d.</span> <span class='ocrx_word' id='word_1_316' title='bbox 1527 2507 1638 2541; x_wconf 75' lang='lat' dir='ltr'>sc&#39;ichs.</span> <span class='ocrx_word' id='word_1_317' title='bbox 1663 2506 1743 2541; x_wconf 79' lang='lat' dir='ltr'>Ges.</span> <span class='ocrx_word' id='word_1_318' title='bbox 1770 2507 1803 2540; x_wconf 77' lang='lat' dir='ltr'>d.</span> <span class='ocrx_word' id='word_1_319' title='bbox 1832 2505 1938 2540; x_wconf 77' lang='lat' dir='ltr'>Wiss.</span> <span class='ocrx_word' id='word_1_320' title='bbox 1958 2504 2079 2539; x_wconf 79' lang='lat' dir='ltr'>XXJJI</span> 
     </span>
     <span class='ocr_line' id='line_1_35' title="bbox 381 2551 2080 2599; baseline -0.001 -12"><span class='ocrx_word' id='word_1_321' title='bbox 381 2555 500 2597; x_wconf 88' lang='lat'>(1888)</span> <span class='ocrx_word' id='word_1_322' title='bbox 523 2565 560 2597; x_wconf 77' lang='lat' dir='ltr'>p.</span> <span class='ocrx_word' id='word_1_323' title='bbox 583 2557 626 2586; x_wconf 73' lang='lat'>59</span> <span class='ocrx_word' id='word_1_324' title='bbox 641 2564 689 2597; x_wconf 73' lang='lat' dir='ltr'>sq.</span> <span class='ocrx_word' id='word_1_325' title='bbox 710 2555 721 2597; x_wconf 79' lang='grc' dir='ltr'>Η</span> <span class='ocrx_word' id='word_1_326' title='bbox 742 2557 772 2587; x_wconf 87' lang='grc'>9.</span> <span class='ocrx_word' id='word_1_327' title='bbox 800 2552 990 2586; x_wconf 87' lang='lat' dir='ltr'>uitilinum</span> <span class='ocrx_word' id='word_1_328' title='bbox 1016 2554 1070 2597; x_wconf 87' lang='lat' dir='ltr'>M,</span> <span class='ocrx_word' id='word_1_329' title='bbox 1097 2552 1310 2587; x_wconf 86' lang='lat' dir='ltr'>uitellinum</span> <span class='ocrx_word' id='word_1_330' title='bbox 1330 2553 1411 2588; x_wconf 92' lang='lat' dir='ltr'>HD</span> <span class='ocrx_word' id='word_1_331' title='bbox 1430 2555 1441 2598; x_wconf 83' lang='grc' dir='ltr'>Η</span> <span class='ocrx_word' id='word_1_332' title='bbox 1461 2554 1573 2599; x_wconf 86' lang='lat' dir='ltr'>quae]</span> <span class='ocrx_word' id='word_1_333' title='bbox 1601 2564 1714 2597; x_wconf 87' lang='lat' dir='ltr'>quam</span> <span class='ocrx_word' id='word_1_334' title='bbox 1737 2555 1776 2587; x_wconf 80' lang='grc' dir='ltr'><em>Ψ</em></span> <span class='ocrx_word' id='word_1_335' title='bbox 1791 2554 1803 2598; x_wconf 64' lang='lat' dir='ltr'>l}</span> <span class='ocrx_word' id='word_1_336' title='bbox 1824 2555 1877 2587; x_wconf 91' lang='lat'>11.</span> <span class='ocrx_word' id='word_1_337' title='bbox 1906 2551 2080 2587; x_wconf 86' lang='lat' dir='ltr'>abierunt</span> 
     </span>
     <span class='ocr_line' id='line_1_36' title="bbox 380 2599 2079 2645; baseline -0.001 -11"><span class='ocrx_word' id='word_1_338' title='bbox 380 2601 428 2643; x_wconf 98' lang='lat' dir='ltr'>D,</span> <span class='ocrx_word' id='word_1_339' title='bbox 455 2600 655 2634; x_wconf 85' lang='lat' dir='ltr'>habierunt</span> <span class='ocrx_word' id='word_1_340' title='bbox 680 2600 735 2643; x_wconf 78' lang='lat' dir='ltr'>M,</span> <span class='ocrx_word' id='word_1_341' title='bbox 779 2599 976 2645; x_wconf 50' lang='lat' dir='ltr'>abierunt,</span> <span class='ocrx_word' id='word_1_342' title='bbox 1004 2605 1021 2634; x_wconf 94' lang='lat'>1</span> <span class='ocrx_word' id='word_1_343' title='bbox 1050 2601 1117 2636; x_wconf 72' lang='lat' dir='ltr'>litt.</span> <span class='ocrx_word' id='word_1_344' title='bbox 1145 2601 1228 2645; x_wconf 68' lang='grc' dir='ltr'>(1ιῖ)</span> <span class='ocrx_word' id='word_1_345' title='bbox 1256 2613 1317 2644; x_wconf 64' lang='lat' dir='ltr'>er„</span> <span class='ocrx_word' id='word_1_346' title='bbox 1343 2601 1387 2635; x_wconf 91' lang='lat' dir='ltr'><em>H</em></span> <span class='ocrx_word' id='word_1_347' title='bbox 1402 2602 1413 2645; x_wconf 82' lang='grc' dir='ltr'>ΙΙ</span> <span class='ocrx_word' id='word_1_348' title='bbox 1432 2612 1519 2635; x_wconf 82' lang='lat' dir='ltr'>nam</span> <span class='ocrx_word' id='word_1_349' title='bbox 1545 2602 1593 2644; x_wconf 92' lang='lat' dir='ltr'>D,</span> <span class='ocrx_word' id='word_1_350' title='bbox 1620 2611 1694 2635; x_wconf 90' lang='lat' dir='ltr'>non</span> <span class='ocrx_word' id='word_1_351' title='bbox 1719 2601 1774 2644; x_wconf 88' lang='lat' dir='ltr'>M,</span> <span class='ocrx_word' id='word_1_352' title='bbox 1801 2612 1867 2635; x_wconf 82' lang='lat' dir='ltr'>om.</span> <span class='ocrx_word' id='word_1_353' title='bbox 1894 2599 1943 2634; x_wconf 89' lang='lat' dir='ltr'>H.</span> <span class='ocrx_word' id='word_1_354' title='bbox 1981 2610 2079 2634; x_wconf 85' lang='lat' dir='ltr'>nunc</span> 
     </span>
     <span class='ocr_line' id='line_1_37' title="bbox 383 2646 2078 2693; baseline -0.001 -11"><span class='ocrx_word' id='word_1_355' title='bbox 383 2649 432 2682; x_wconf 77' lang='lat' dir='ltr'>vel</span> <span class='ocrx_word' id='word_1_356' title='bbox 458 2658 523 2681; x_wconf 87' lang='lat' dir='ltr'>nos</span> <span class='ocrx_word' id='word_1_357' title='bbox 550 2648 618 2681; x_wconf 66' lang='lat' dir='ltr'>alii</span> <span class='ocrx_word' id='word_1_358' title='bbox 637 2649 647 2691; x_wconf 79' lang='grc' dir='ltr'>Η</span> <span class='ocrx_word' id='word_1_359' title='bbox 678 2650 731 2682; x_wconf 86' lang='grc'>13.</span> <span class='ocrx_word' id='word_1_360' title='bbox 759 2648 881 2682; x_wconf 85' lang='lat' dir='ltr'>castra</span> <span class='ocrx_word' id='word_1_361' title='bbox 907 2647 997 2691; x_wconf 91' lang='lat' dir='ltr'>HD,</span> <span class='ocrx_word' id='word_1_362' title='bbox 1025 2649 1194 2682; x_wconf 84' lang='lat' dir='ltr'>cassatra</span> <span class='ocrx_word' id='word_1_363' title='bbox 1219 2649 1268 2682; x_wconf 84' lang='lat' dir='ltr'><em>M</em></span> <span class='ocrx_word' id='word_1_364' title='bbox 1283 2650 1293 2692; x_wconf 79' lang='grc' dir='ltr'>Η</span> <span class='ocrx_word' id='word_1_365' title='bbox 1314 2647 1536 2683; x_wconf 84' lang='grc'>00111601111115</span> <span class='ocrx_word' id='word_1_366' title='bbox 1564 2648 1644 2682; x_wconf 89' lang='lat' dir='ltr'>HD</span> <span class='ocrx_word' id='word_1_367' title='bbox 1667 2650 1679 2693; x_wconf 77' lang='grc' dir='ltr'>ΙΙ</span> <span class='ocrx_word' id='word_1_368' title='bbox 1707 2651 1759 2683; x_wconf 87' lang='grc'>16.</span> <span class='ocrx_word' id='word_1_369' title='bbox 1786 2646 1935 2681; x_wconf 84' lang='grc'>1101111116</span> <span class='ocrx_word' id='word_1_370' title='bbox 1961 2647 1999 2680; x_wconf 85' lang='lat' dir='ltr'>et</span> <span class='ocrx_word' id='word_1_371' title='bbox 2023 2646 2078 2690; x_wconf 85' lang='lat' dir='ltr'>M,</span> 
     </span>
     <span class='ocr_line' id='line_1_38' title="bbox 382 2693 2079 2740; baseline 0.001 -13"><span class='ocrx_word' id='word_1_372' title='bbox 382 2694 528 2728; x_wconf 85' lang='lat' dir='ltr'>homine</span> <span class='ocrx_word' id='word_1_373' title='bbox 562 2694 658 2728; x_wconf 89' lang='lat' dir='ltr'>enim</span> <span class='ocrx_word' id='word_1_374' title='bbox 686 2696 722 2728; x_wconf 92' lang='lat' dir='ltr'>et</span> <span class='ocrx_word' id='word_1_375' title='bbox 747 2694 802 2738; x_wconf 87' lang='lat' dir='ltr'>D,</span> <span class='ocrx_word' id='word_1_376' title='bbox 839 2694 988 2729; x_wconf 87' lang='lat' dir='ltr'>homine</span> <span class='ocrx_word' id='word_1_377' title='bbox 1015 2695 1059 2728; x_wconf 88' lang='lat' dir='ltr'><em>H</em></span> <span class='ocrx_word' id='word_1_378' title='bbox 1087 2696 1098 2739; x_wconf 79' lang='grc' dir='ltr'>ΙΙ</span> <span class='ocrx_word' id='word_1_379' title='bbox 1131 2698 1183 2729; x_wconf 91' lang='grc'>18.</span> <span class='ocrx_word' id='word_1_380' title='bbox 1213 2695 1411 2739; x_wconf 89' lang='lat' dir='ltr'>sportellae</span> <span class='ocrx_word' id='word_1_381' title='bbox 1438 2695 1561 2739; x_wconf 73' lang='lat' dir='ltr'><em>MD2‚</em></span> <span class='ocrx_word' id='word_1_382' title='bbox 1596 2694 1785 2740; x_wconf 86' lang='lat' dir='ltr'>sportulae</span> <span class='ocrx_word' id='word_1_383' title='bbox 1810 2693 1907 2729; x_wconf 90' lang='lat' dir='ltr'>HD¹</span> <span class='ocrx_word' id='word_1_384' title='bbox 1939 2695 1950 2738; x_wconf 90' lang='grc' dir='ltr'>ΙΙ</span> <span class='ocrx_word' id='word_1_385' title='bbox 1981 2694 2079 2728; x_wconf 88' lang='lat' dir='ltr'>arto-</span> 
     </span>
     <span class='ocr_line' id='line_1_39' title="bbox 382 2739 2080 2787; baseline 0 -13"><span class='ocrx_word' id='word_1_386' title='bbox 382 2741 512 2786; x_wconf 79' lang='lat' dir='ltr'>lagyni</span> <span class='ocrx_word' id='word_1_387' title='bbox 529 2744 567 2775; x_wconf 78' lang='grc' dir='ltr'><strong>Ψ</strong></span> <span class='ocrx_word' id='word_1_388' title='bbox 584 2743 595 2785; x_wconf 74' lang='grc' dir='ltr'>ΙΙ</span> <span class='ocrx_word' id='word_1_389' title='bbox 616 2745 669 2775; x_wconf 88' lang='grc'>18.</span> <span class='ocrx_word' id='word_1_390' title='bbox 687 2745 740 2776; x_wconf 82' lang='grc'>19.</span> <span class='ocrx_word' id='word_1_391' title='bbox 762 2752 806 2776; x_wconf 77' lang='lat' dir='ltr'>ex</span> <span class='ocrx_word' id='word_1_392' title='bbox 827 2741 934 2787; x_wconf 89' lang='lat' dir='ltr'>artis]</span> <span class='ocrx_word' id='word_1_393' title='bbox 962 2741 1051 2776; x_wconf 84' lang='lat' dir='ltr'>artis</span> <span class='ocrx_word' id='word_1_394' title='bbox 1072 2743 1125 2777; x_wconf 73' lang='lat' dir='ltr'>vel</span> <span class='ocrx_word' id='word_1_395' title='bbox 1151 2741 1265 2776; x_wconf 81' lang='lat' dir='ltr'>etiam</span> <span class='ocrx_word' id='word_1_396' title='bbox 1286 2742 1376 2776; x_wconf 87' lang='lat' dir='ltr'>artis</span> <span class='ocrx_word' id='word_1_397' title='bbox 1398 2754 1429 2787; x_wconf 80' lang='grc' dir='ltr'>ς,</span> <span class='ocrx_word' id='word_1_398' title='bbox 1457 2753 1501 2777; x_wconf 80' lang='lat' dir='ltr'>ex</span> <span class='ocrx_word' id='word_1_399' title='bbox 1527 2742 1670 2777; x_wconf 87' lang='lat' dir='ltr'>artibus</span> <span class='ocrx_word' id='word_1_400' title='bbox 1694 2742 1815 2784; x_wconf 70' lang='lat' dir='ltr'>Orelli,</span> <span class='ocrx_word' id='word_1_401' title='bbox 1842 2751 1887 2775; x_wconf 86' lang='lat' dir='ltr'>ex</span> <span class='ocrx_word' id='word_1_402' title='bbox 1906 2741 1985 2774; x_wconf 84' lang='lat' dir='ltr'>arte</span> <span class='ocrx_word' id='word_1_403' title='bbox 2005 2739 2080 2775; x_wconf 86' lang='lat' dir='ltr'>ista</span> 
     </span>
     <span class='ocr_line' id='line_1_40' title="bbox 385 2788 2078 2833; baseline 0 -12"><span class='ocrx_word' id='word_1_404' title='bbox 385 2789 528 2823; x_wconf 76' lang='lat' dir='ltr'>Krauss</span> <span class='ocrx_word' id='word_1_405' title='bbox 554 2789 646 2832; x_wconf 80' lang='lat' dir='ltr'>(‘em.</span> <span class='ocrx_word' id='word_1_406' title='bbox 676 2789 745 2823; x_wconf 61' lang='lat' dir='ltr'>Cle.</span> <span class='ocrx_word' id='word_1_407' title='bbox 773 2790 840 2833; x_wconf 64' lang='lat' dir='ltr'>ep.²</span> <span class='ocrx_word' id='word_1_408' title='bbox 865 2801 902 2833; x_wconf 56' lang='grc' dir='ltr'>Ι).</span> <span class='ocrx_word' id='word_1_409' title='bbox 924 2791 1000 2833; x_wconf 71' lang='lat'>29),</span> <span class='ocrx_word' id='word_1_410' title='bbox 1034 2789 1311 2824; x_wconf 78' lang='lat' dir='ltr'>exercitationis</span> <span class='ocrx_word' id='word_1_411' title='bbox 1337 2791 1462 2825; x_wconf 76' lang='lat' dir='ltr'>Busch</span> <span class='ocrx_word' id='word_1_412' title='bbox 1487 2790 1635 2833; x_wconf 73' lang='lat' dir='ltr'>(Philol.</span> <span class='ocrx_word' id='word_1_413' title='bbox 1662 2788 1771 2823; x_wconf 89' lang='lat' dir='ltr'>XXV.</span> <span class='ocrx_word' id='word_1_414' title='bbox 1801 2790 1901 2822; x_wconf 82' lang='lat'>1867.</span> <span class='ocrx_word' id='word_1_415' title='bbox 1925 2799 1962 2831; x_wconf 79' lang='lat' dir='ltr'>p.</span> <span class='ocrx_word' id='word_1_416' title='bbox 1985 2789 2078 2832; x_wconf 89' lang='lat'>353),</span> 
     </span>
     <span class='ocr_line' id='line_1_41' title="bbox 385 2833 2081 2881; baseline 0 -13"><span class='ocrx_word' id='word_1_417' title='bbox 385 2835 591 2878; x_wconf 75' lang='lat' dir='ltr'>exquisitae</span> <span class='ocrx_word' id='word_1_418' title='bbox 611 2835 701 2869; x_wconf 78' lang='lat' dir='ltr'>artis</span> <span class='ocrx_word' id='word_1_419' title='bbox 724 2836 944 2881; x_wconf 66' lang='lat' dir='ltr'>Wesenbery.</span> <span class='ocrx_word' id='word_1_420' title='bbox 983 2838 1071 2870; x_wconf 69' lang='lat' dir='ltr'>mihi</span> <span class='ocrx_word' id='word_1_421' title='bbox 1092 2838 1271 2871; x_wconf 77' lang='lat' dir='ltr'>Graecum</span> <span class='ocrx_word' id='word_1_422' title='bbox 1290 2838 1502 2872; x_wconf 41' lang='lat' dir='ltr'>&#39;vocabulum</span> <span class='ocrx_word' id='word_1_423' title='bbox 1528 2838 1636 2871; x_wconf 76' lang='lat' dir='ltr'>latere</span> <span class='ocrx_word' id='word_1_424' title='bbox 1660 2837 1825 2871; x_wconf 73' lang='lat' dir='ltr'>videtur.-</span> <span class='ocrx_word' id='word_1_425' title='bbox 1852 2833 2081 2877; x_wconf 79' lang='grc' dir='ltr'><em>ὀψαρτυσιάς</em></span> 
     </span>
     <span class='ocr_line' id='line_1_42' title="bbox 385 2881 2081 2928; baseline 0 -13"><span class='ocrx_word' id='word_1_426' title='bbox 385 2883 437 2915; x_wconf 65' lang='lat' dir='ltr'>vel</span> <span class='ocrx_word' id='word_1_427' title='bbox 457 2884 581 2925; x_wconf 70' lang='lat' dir='ltr'>potins</span> <span class='ocrx_word' id='word_1_428' title='bbox 607 2882 856 2927; x_wconf 78' lang='grc' dir='ltr'><strong><em>ὀψαρτυτικῆς</em></strong></span> <span class='ocrx_word' id='word_1_429' title='bbox 888 2884 898 2926; x_wconf 71' lang='grc' dir='ltr'>ΙΙ</span> <span class='ocrx_word' id='word_1_430' title='bbox 932 2886 984 2917; x_wconf 86' lang='grc'>19,</span> <span class='ocrx_word' id='word_1_431' title='bbox 1013 2887 1068 2918; x_wconf 78' lang='lat'>20.</span> <span class='ocrx_word' id='word_1_432' title='bbox 1096 2895 1208 2927; x_wconf 84' lang='lat' dir='ltr'>quam</span> <span class='ocrx_word' id='word_1_433' title='bbox 1233 2883 1419 2918; x_wconf 80' lang='lat' dir='ltr'>munditia</span> <span class='ocrx_word' id='word_1_434' title='bbox 1445 2885 1490 2918; x_wconf 86' lang='lat' dir='ltr'><em>M</em></span> <span class='ocrx_word' id='word_1_435' title='bbox 1519 2886 1530 2928; x_wconf 82' lang='grc' dir='ltr'>ΙΙ</span> <span class='ocrx_word' id='word_1_436' title='bbox 1562 2887 1616 2917; x_wconf 77' lang='grc'>21.</span> <span class='ocrx_word' id='word_1_437' title='bbox 1644 2882 1758 2917; x_wconf 82' lang='lat' dir='ltr'>etiam</span> <span class='ocrx_word' id='word_1_438' title='bbox 1783 2882 1843 2925; x_wconf 88' lang='lat' dir='ltr'>M,</span> <span class='ocrx_word' id='word_1_439' title='bbox 1877 2892 1942 2916; x_wconf 82' lang='lat' dir='ltr'>om.</span> <span class='ocrx_word' id='word_1_440' title='bbox 1970 2881 2051 2916; x_wconf 88' lang='lat' dir='ltr'>HD</span> <span class='ocrx_word' id='word_1_441' title='bbox 2070 2883 2081 2923; x_wconf 58' lang='grc' dir='ltr'>1Ι</span> 
     </span>
     <span class='ocr_line' id='line_1_43' title="bbox 388 2928 2079 2975; baseline 0.002 -15"><span class='ocrx_word' id='word_1_442' title='bbox 388 2931 441 2963; x_wconf 74' lang='lat'>22.</span> <span class='ocrx_word' id='word_1_443' title='bbox 469 2940 541 2962; x_wconf 88' lang='lat' dir='ltr'>non</span> <span class='ocrx_word' id='word_1_444' title='bbox 574 2931 656 2964; x_wconf 67' lang='lat' dir='ltr'>add.</span> <span class='ocrx_word' id='word_1_445' title='bbox 687 2930 798 2964; x_wconf 62' lang='lat' dir='ltr'>Orelli</span> <span class='ocrx_word' id='word_1_446' title='bbox 834 2932 845 2974; x_wconf 81' lang='grc' dir='ltr'>Η</span> <span class='ocrx_word' id='word_1_447' title='bbox 882 2933 936 2963; x_wconf 77' lang='lat'>23.</span> <span class='ocrx_word' id='word_1_448' title='bbox 970 2929 1050 2964; x_wconf 87' lang='lat' dir='ltr'>uita</span> <span class='ocrx_word' id='word_1_449' title='bbox 1082 2932 1210 2965; x_wconf 84' lang='lat' dir='ltr'>nostra</span> <span class='ocrx_word' id='word_1_450' title='bbox 1243 2942 1340 2965; x_wconf 89' lang='lat' dir='ltr'>nunc</span> <span class='ocrx_word' id='word_1_451' title='bbox 1372 2931 1417 2965; x_wconf 87' lang='lat' dir='ltr'><em>H</em></span> <span class='ocrx_word' id='word_1_452' title='bbox 1443 2933 1454 2975; x_wconf 73' lang='lat' dir='ltr'>fl</span> <span class='ocrx_word' id='word_1_453' title='bbox 1485 2934 1540 2965; x_wconf 76' lang='lat'>25.</span> <span class='ocrx_word' id='word_1_454' title='bbox 1568 2933 1622 2964; x_wconf 80' lang='lat'>26.</span> <span class='ocrx_word' id='word_1_455' title='bbox 1654 2928 1790 2963; x_wconf 85' lang='lat' dir='ltr'>litteris</span> <span class='ocrx_word' id='word_1_456' title='bbox 1821 2939 1879 2962; x_wconf 87' lang='lat' dir='ltr'>me</span> <span class='ocrx_word' id='word_1_457' title='bbox 1914 2928 2079 2975; x_wconf 90' lang='lat' dir='ltr'>involvo]</span> 
     </span>
     <span class='ocr_line' id='line_1_44' title="bbox 388 2975 2080 3024; baseline 0.001 -16"><span class='ocrx_word' id='word_1_458' title='bbox 388 2975 433 3017; x_wconf 73' lang='lat' dir='ltr'>cf.</span> <span class='ocrx_word' id='word_1_459' title='bbox 460 2976 620 3011; x_wconf 76' lang='lat' dir='ltr'>Ambros.</span> <span class='ocrx_word' id='word_1_460' title='bbox 648 2978 690 3011; x_wconf 75' lang='lat' dir='ltr'>(Ze</span> <span class='ocrx_word' id='word_1_461' title='bbox 714 2978 783 3019; x_wconf 72' lang='lat' dir='ltr'>side</span> <span class='ocrx_word' id='word_1_462' title='bbox 809 2977 824 3010; x_wconf 87' lang='grc' dir='ltr'>Ι</span> <span class='ocrx_word' id='word_1_463' title='bbox 852 2980 906 3019; x_wconf 85' lang='lat'>15,</span> <span class='ocrx_word' id='word_1_464' title='bbox 929 2980 972 3010; x_wconf 82' lang='lat'>99</span> <span class='ocrx_word' id='word_1_465' title='bbox 999 2982 1021 3011; x_wconf 77' lang='lat' dir='ltr'>t.</span> <span class='ocrx_word' id='word_1_466' title='bbox 1050 2978 1083 3011; x_wconf 83' lang='lat' dir='ltr'>II</span> <span class='ocrx_word' id='word_1_467' title='bbox 1103 2989 1141 3022; x_wconf 75' lang='lat' dir='ltr'>p.</span> <span class='ocrx_word' id='word_1_468' title='bbox 1164 2981 1229 3012; x_wconf 87' lang='lat'>551</span> <span class='ocrx_word' id='word_1_469' title='bbox 1262 2980 1412 3024; x_wconf 57' lang='lat' dir='ltr'>Mv&#39;yne:</span> <span class='ocrx_word' id='word_1_470' title='bbox 1449 2977 1535 3012; x_wconf 85' lang='lat' dir='ltr'>‘sed</span> <span class='ocrx_word' id='word_1_471' title='bbox 1559 2987 1634 3010; x_wconf 90' lang='lat' dir='ltr'>non</span> <span class='ocrx_word' id='word_1_472' title='bbox 1658 2987 1716 3010; x_wconf 87' lang='lat' dir='ltr'>me</span> <span class='ocrx_word' id='word_1_473' title='bbox 1742 2975 1891 3010; x_wconf 87' lang='lat' dir='ltr'>involvo</span> <span class='ocrx_word' id='word_1_474' title='bbox 1918 2975 2044 3010; x_wconf 82' lang='lat' dir='ltr'>libris’</span> <span class='ocrx_word' id='word_1_475' title='bbox 2068 2978 2080 3022; x_wconf 68' lang='grc'>11</span> 
     </span>
     <span class='ocr_line' id='line_1_45' title="bbox 390 3022 2080 3068; baseline 0.001 -13"><span class='ocrx_word' id='word_1_476' title='bbox 390 3025 443 3055; x_wconf 75' lang='grc'>26.</span> <span class='ocrx_word' id='word_1_477' title='bbox 461 3022 615 3056; x_wconf 77' lang='lat' dir='ltr'>audiant</span> <span class='ocrx_word' id='word_1_478' title='bbox 628 3024 696 3057; x_wconf 72' lang='lat' dir='ltr'>am</span> <span class='ocrx_word' id='word_1_479' title='bbox 715 3025 726 3067; x_wconf 74' lang='grc'>11</span> <span class='ocrx_word' id='word_1_480' title='bbox 746 3028 800 3057; x_wconf 71' lang='lat'>29.</span> <span class='ocrx_word' id='word_1_481' title='bbox 817 3024 881 3057; x_wconf 87' lang='lat' dir='ltr'>sed</span> <span class='ocrx_word' id='word_1_482' title='bbox 901 3027 1104 3059; x_wconf 79' lang='lat' dir='ltr'>cura—31.</span> <span class='ocrx_word' id='word_1_483' title='bbox 1119 3036 1270 3068; x_wconf 83' lang='lat' dir='ltr'>parcere</span> <span class='ocrx_word' id='word_1_484' title='bbox 1285 3027 1404 3068; x_wconf 70' lang='lat' dir='ltr'>adfert</span> <span class='ocrx_word' id='word_1_485' title='bbox 1418 3025 1564 3059; x_wconf 67' lang='lat' dir='ltr'>Nonius</span> <span class='ocrx_word' id='word_1_486' title='bbox 1578 3026 1681 3067; x_wconf 59' lang='grc'>1183,</span> <span class='ocrx_word' id='word_1_487' title='bbox 1698 3026 1742 3057; x_wconf 84' lang='grc'>30</span> <span class='ocrx_word' id='word_1_488' title='bbox 1760 3023 1868 3057; x_wconf 75' lang='lat' dir='ltr'>Mero.</span> <span class='ocrx_word' id='word_1_489' title='bbox 1889 3023 1926 3067; x_wconf 77' lang='lat' dir='ltr'>(t.</span> <span class='ocrx_word' id='word_1_490' title='bbox 1939 3023 2002 3067; x_wconf 57' lang='grc' dir='ltr'>ΙΙ),</span> <span class='ocrx_word' id='word_1_491' title='bbox 2014 3026 2080 3057; x_wconf 85' lang='grc'>115</span> 
     </span>
     <span class='ocr_line' id='line_1_46' title="bbox 390 3068 2082 3116; baseline 0.002 -15"><span class='ocrx_word' id='word_1_492' title='bbox 390 3069 514 3112; x_wconf 58' lang='lat' dir='ltr'>Mam.)</span> <span class='ocrx_word' id='word_1_493' title='bbox 535 3070 578 3111; x_wconf 82' lang='lat' dir='ltr'>cf.</span> <span class='ocrx_word' id='word_1_494' title='bbox 597 3070 735 3104; x_wconf 59' lang='lat' dir='ltr'>Gai-litt</span> <span class='ocrx_word' id='word_1_495' title='bbox 749 3082 871 3116; x_wconf 69' lang='lat' dir='ltr'>proqr.</span> <span class='ocrx_word' id='word_1_496' title='bbox 894 3068 1280 3116; x_wconf 62' lang='lat' dir='ltr'>Steylitz.&#39;1&gt;588.p.20</span> <span class='ocrx_word' id='word_1_497' title='bbox 1300 3074 1311 3116; x_wconf 81' lang='grc' dir='ltr'>Η</span> <span class='ocrx_word' id='word_1_498' title='bbox 1331 3076 1384 3106; x_wconf 87' lang='lat'>30.</span> <span class='ocrx_word' id='word_1_499' title='bbox 1407 3070 1588 3106; x_wconf 88' lang='lat' dir='ltr'>comedim</span> <span class='ocrx_word' id='word_1_500' title='bbox 1602 3070 1699 3105; x_wconf 74' lang='lat' dir='ltr'>Non.</span> <span class='ocrx_word' id='word_1_501' title='bbox 1714 3071 1768 3114; x_wconf 83' lang='lat' dir='ltr'>M,</span> <span class='ocrx_word' id='word_1_502' title='bbox 1795 3069 1988 3104; x_wconf 89' lang='lat' dir='ltr'>comedam</span> <span class='ocrx_word' id='word_1_503' title='bbox 2001 3070 2082 3105; x_wconf 90' lang='lat' dir='ltr'>HD</span> 
     </span>
    </p>
   </div>
  </div>
 </body>
</html>
