2242 3496
323 1205 358 1239 R

298 1632 355 1665 R¹

299 1704 358 1737 R2

300 1776 360 1809 R³

376 174 492 207 XVIII
1086 170 1368 205 PRAEFATIO.

377 281 658 335 epistularum
693 280 724 334 Ι,
759 283 788 333 1,
820 277 1025 330 1—-VIIL
1051 278 1089 329 9,
1117 278 1156 330 3,
1193 277 1265 317 fol.
1293 278 1374 319 GOV
1407 277 1597 319 carmina
1628 279 1760 319 latina,
1801 280 1929 320 medii
1969 281 2074 322 aevi.

377 355 424 392 ut
457 355 597 392 totum
632 351 832 401 codicem,
866 349 926 388 sic
954 348 1173 388 Ciceronis
1207 348 1414 401 epistulas
1448 364 1597 390 manus
1624 350 1768 404 plures
1797 350 2073 404 scripserunt.

377 424 654 464 correxerunt
687 421 789 460 item
823 419 965 472 plures
1000 421 1042 458 et
1076 418 1119 458 in
1158 418 1355 472 epistulis
1395 419 1567 473 quidem
1606 434 1701 461 cum
1740 420 1942 462 librarius
1983 421 2075 475 ipse

356 490 494 546 ¹(G1),
529 498 618 531 lum
653 491 868 531 corrector
896 488 1069 541 quidam
1101 488 1293 541 aequalis
1319 490 1392 542 qui
1420 489 1577 530 codicis
1605 490 1863 544 scripturam
1891 491 2076 532 contulit

253 572 363 605 (θ’θ’

379 577 474 602 cum
496 561 727 613 archetypo
750 557 868 613 (G2')‚
896 562 989 598 tum
1010 561 1273 599 correctores
1295 560 1438 613 plures
1460 561 1718 601 recentiores
1741 559 1855 616 ((r‚'³).
1893 564 2076 615 possunt

378 636 520 672 tamen
550 630 742 684 singulae
769 643 932 682 manus,
959 629 1003 669 in
1029 629 1180 683 primis
1205 629 1267 671 G²
1289 633 1331 670 et
1353 628 1426 683 G3,
1453 646 1539 671 non
1566 631 1724 685 ubique
1746 632 1853 672 satis
1879 632 2075 673 discerni.

377 704 418 742 in
454 717 496 742 re
530 698 868 754 orthographica.
900 714 1068 740 summa
1100 700 1304 754 varietas,
1348 704 1613 755 quapropter
1644 717 1731 743 non
1764 703 1956 756 excerpsi
1993 703 2075 743 nisi

376 773 574 826 graviora
608 771 827 824 quaedam.
879 771 1078 812 dixerunt
1104 772 1154 812 de
1182 772 1263 813 hoc
1291 773 1447 826 codice,
1481 772 1554 826 qui
1580 775 1813 826 postquam
1838 774 1883 814 in
1910 772 2077 814 Britan-

374 843 489 882 niam
527 841 645 882 venit
684 841 755 882 diu
796 841 858 882 ibi
902 842 1050 895 latuit,
1095 842 1197 883 olim
1238 842 1466 896 Graevius,
1509 858 1644 897 nuper
1684 844 1760 884 Th.
1795 843 1952 885 Oehler
1991 846 2078 897 (ap.

379 913 596 952 Baiterum
630 910 714 953 Cic.
749 927 815 966 op.
843 912 905 952 IX
937 928 976 966 p.
1002 911 1080 968 V),
1126 912 1194 954 Fr.
1221 913 1336 954 Riihl
1372 920 1498 969 (mus.
1532 914 1666 955 Rhen.
1696 914 1816 955 XXX
1850 931 1888 968 p.
1915 916 1966 956 31
1985 916 2078 968 sq.),

376 987 422 1023 Ο.
452 982 671 1023 Streicher
703 982 889 1036 (dissert.
924 983 1072 1036 philol.
1105 983 1268 1024 lenens.
1296 984 1357 1024 III
1391 1000 1430 1038 p.
1460 984 1659 1040 112sq.),
1693 985 1741 1025 R.
1769 984 1935 1038 Tyrrell
1970 985 2079 1039 (the

375 1054 738 1107 correspondence
781 1053 828 1094 of
857 1052 1024 1095 Cicero'
1057 1052 1113 1094 1².
1150 1055 1272 1095 1885.
1304 1070 1344 1108 p.
1374 1055 1424 1095 77
1443 1069 1521 1109 sq.,
1558 1055 1612 1096 II.
1651 1056 1772 1097 1886.
1804 1071 1844 1110 p.
1871 1055 1967 1096 LXI
1985 1054 2080 1111 sq.).

377 1124 540 1166 contuli
573 1139 608 1164 a.
638 1123 806 1179 18821)
1949 1147 1953 1151 ·

494 1195 602 1236 alter
641 1198 707 1236 est
738 1197 856 1236 codex
888 1196 1111 1237 Parisinus
1144 1197 1282 1237 17812
1315 1195 1440 1252 (olim
1473 1197 1834 1239 Nostradamensis
1874 1197 1990 1253 178):
2028 1196 2081 1251 R,

375 1266 551 1307 membr.
585 1281 616 1307 s.
644 1265 747 1320 ΧΙΙ,
779 1266 852 1306 alt.
880 1269 988 1307 cent.
1017 1268 1090 1320 34,
1117 1268 1161 1321 5,
1200 1267 1273 1308 lat.
1300 1268 1374 1322 25,
1412 1268 1526 1309 binis
1570 1268 1780 1309 columnis
1820 1283 1845 1309 a
1882 1268 2078 1322 pluribus

375 1336 563 1377 librariis
592 1337 777 1390 scriptus
808 1336 878 1389 (cf.
906 1335 1133 1378 Chatelain
1160 1337 1185 1378 1.
1213 1352 1246 1379 0.
1273 1339 1358 1379 tab.
1386 1337 1473 1392 35).
1524 1339 1671 1380 insunt
1698 1338 1769 1380 fol.
1794 1341 1832 1380 J.r
1858 1336 2079 1380 Ciceronis

374 1407 572 1447 Academ.
602 1421 661 1459 pr.
688 1406 714 1446 l.
740 1406 800 1460 ΙΙ,
841 1407 914 1448 fol.
947 1408 1020 1449 13r
1052 1408 1101 1448 de
1133 1411 1290 1449 natura
1323 1409 1500 1449 deorum
1532 1409 1633 1450 libri
1672 1413 1778 1463 tres,
1816 1409 1887 1450 fol.
1914 1410 1997 1451 46ν
2029 1410 2079 1450 de

372 1478 463 1517 fato
504 1477 776 1531 opusculum,
821 1478 893 1518 fol.
927 1480 1005 1519 ’51Υ
1042 1479 1327 1533 epistularum
1361 1479 1398 1533 1,
1427 1482 1469 1534 1,
1502 1480 1710 1534 1—VIII‚
1737 1481 1781 1535 8,
1808 1482 1852 1535 6,
1895 1480 1968 1521 fol.
2001 1480 2080 1521 92Υ

370 1547 505 1589 Dares
548 1548 598 1588 de
636 1547 822 1589 historia
863 1549 1027 1590 Troiae.
1090 1551 1300 1604 epistulae
1346 1554 1389 1592 et
1433 1552 1619 1606 scriptae
1665 1556 1765 1592 sunt
1811 1567 1835 1592 a
1878 1551 2078 1592 manibus

372 1619 567 1673 pluribus
613 1621 656 1660 et
701 1623 935 1661 correctae:
982 1621 1119 1661 multa
1164 1621 1366 1663 librarius
1410 1623 1502 1676 ipse
1544 1623 1786 1664 emendavit
1828 1621 1949 1678 (El),
1995 1621 2080 1662 alia

373 1690 516 1744 plures
544 1705 695 1731 manus
724 1705 830 1732 saec.
858 1691 941 1732 XII
970 1706 1031 1732 ex.
1060 1691 1176 1747 (ΕΖ),
1207 1692 1292 1733 alia
1318 1708 1470 1734 manus
1499 1694 1708 1747 quaedam
1736 1708 1842 1734 saec.
1869 1691 2075 1746 XIVJXV

374 1759 487 1816 (R3).
551 1762 611 1801 rei
651 1762 1011 1817 orthographicae
1054 1763 1099 1803 in
1141 1763 1222 1804 hoc
1264 1778 1434 1817 quoque
1479 1764 1623 1805 codice
1669 1779 1837 1804 summa
1882 1763 2078 1804 varietas.

368 1833 531 1886 primus
572 1832 760 1873 codicem
801 1834 998 1887 epistulis
1042 1834 1239 1875 adhibuit
1278 1835 1323 1875 F.
1356 1834 1577 1876 Hofmann
1620 1850 1672 1876 ex
1710 1835 1785 1876 Th.
1819 1833 2076 1876 Mommseni

370 1903 616 1956 collatione,
655 1907 807 1957 postea
840 1908 1037 1945 accurate
1071 1905 1121 1946 de
1156 1920 1205 1946 eo
1239 1906 1479 1960 disputavit
1514 1906 1583 1947 Fr.
1611 1906 1760 1947 R.1··1hlii
1799 1898 1913 1947 usus⁴
1941 1904 2077 1959 copiis

371 1974 417 2015 O.
447 1973 662 2015 Streicher
695 1975 740 2029 (l.
768 1990 800 2016 c.
833 1990 870 2028 p.
906 1976 983 2017 106
1000 1974 1091 2029 sq.).
1149 1976 1310 2017 contuli
1341 1992 1376 2017 a.
1407 1976 1575 2032 18822)

488 2080 522 2122 1)
550 2078 670 2113 Servii
702 2079 879 2123 opusculo
912 2079 1132 2124 inscriptum
1164 2082 1236 2115 est:
1278 2080 1369 2114 ‘iste
1405 2080 1501 2115 liber
1534 2083 1591 2115 est
1622 2080 1829 2125 Hospitalis
1867 2080 1901 2115 S.
1929 2079 2078 2114 Nicolai

370 2136 482 2170 prope
509 2124 672 2169 Cusam’,
706 2126 860 2160 dubium
885 2128 1012 2160 tamen
1039 2138 1086 2160 an
1111 2128 1212 2161 totus
1240 2128 1355 2162 codex
1381 2127 1487 2162 illam
1520 2128 1701 2174 originem
1734 2128 1890 2163 habeat:
1929 2127 2079 2162 videtur

370 2174 492 2216 potius
533 2184 626 2207 saec.
668 2173 816 2207 demum
854 2174 972 2207 XVIII
1014 2174 1109 2208 illud
1147 2175 1365 2219 opusculum
1410 2187 1494 2210 cum
1538 2175 1670 2210 ceteris
1716 2186 1796 2210 esse
1841 2176 2078 2220 compactum

371 2233 416 2263 (hv.
438 2223 480 2254 A.
503 2220 538 2254 C.
561 2220 672 2254 Clark
701 2221 808 2255 ‘neue
835 2221 1102 2266 Heidelberger
1126 2222 1371 2257 Jahrbficher’
1400 2224 1426 2258 Ι.
1456 2226 1557 2258 1891.
1584 2235 1618 2268 p.
1640 2226 1734 2267 248).
1782 2221 1969 2257 Ciceronis
1999 2222 2076 2266 epi-

372 2266 478 2300 stulis
511 2267 586 2300 illis
618 2267 758 2311 primus
791 2279 880 2301 usus
914 2271 971 2302 est
999 2269 1194 2312 Graevius,
1233 2269 1292 2303 cui
1327 2269 1495 2314 ‘primus’
1531 2271 1646 2304 codex
1678 2273 1735 2304 est
1768 2269 1829 2314 (cf.
1856 2269 1934 2304 eius
1959 2269 2075 2314 praef.

372 2314 442 2349 Cic.
471 2325 526 2358 ep.
554 2316 591 2348 et
617 2327 647 2349 v⁴
676 2315 808 2350 Philol.
831 2315 927 2349 XLV
952 2328 986 2360 p.
1011 2319 1103 2360 150),
1131 2319 1276 2361 emptus
1303 2317 1454 2360 quidem
1479 2318 1525 2351 ab
1546 2318 1611 2352 illo
1640 2317 1746 2351 ‘olim
1767 2316 1942 2351 Coloniae
1966 2316 2073 2350 Ubio-

371 2374 451 2394 rum
477 2362 515 2395 in
540 2362 697 2396 taberna
722 2362 904 2398 libraria'.
950 2375 1045 2407 quae
1072 2364 1229 2398 taberna
1261 2364 1419 2399 fortasse
1451 2376 1495 2399 ea
1528 2366 1584 2400 est
1615 2376 1727 2409 quam
1758 2364 1797 2398 in
1829 2375 1885 2409 ep.
1908 2367 1974 2398 119
2002 2365 2075 2409 (ap.

372 2408 624 2443 Burni-annum
650 2409 731 2453 syll.
760 2421 815 2454 ep.
843 2410 892 2444 IV
918 2423 952 2454 p.
976 2414 1056 2453 1⁴51»
1085 2411 1133 2444 ad
1159 2411 1351 2445 Heinsium
1379 2423 1410 2446 a.
1434 2416 1524 2446 1673
1552 2412 1643 2447 data
1669 2412 1721 2446 sic
1748 2411 1934 2456 depingit:
1964 2411 2075 2445 ‘anti—

372 2468 461 2499 quos
483 2456 628 2490 codices
644 2456 819 2491 Coloniae
839 2457 1048 2502 propositos
1068 2458 1195 2492 inveni
1213 2458 1253 2492 in
1272 2459 1431 2493 taberna
1450 2459 1645 2504 vilissima,
1667 2470 1763 2503 quae
1783 2460 1841 2493 est
1861 2458 1909 2492 ad
1928 2459 2077 2503 portam

372 2503 591 2537 Pontificum
625 2504 783 2547 (Pfaffen
814 2506 929 2549 port),
967 2506 1136 2549 proxima
1168 2505 1340 2540 Kalcovii
1371 2507 1597 2552 typographi
1634 2518 1709 2541 non
1742 2505 1920 2550 ignobilis
1953 2505 2074 2540 aedes.

372 2551 624 2594 ponderantur
650 2551 702 2585 ibi
736 2552 990 2596 membranae,
1024 2564 1096 2587 non
1129 2553 1384 2589 aestimantur.
1430 2554 1527 2588 libra
1560 2553 1755 2588 duodecim
1788 2555 1853 2587 aut
1885 2553 2092 2596 tredecim,.

372 2596 444 2630 nisi
469 2597 594 2641 fallor,
635 2599 753 2632 obolis
786 2600 868 2634 est.'
920 2600 1088 2644 possedit
1114 2602 1239 2633 autem
1271 2600 1437 2635 codicem
1468 2600 1576 2635 illum
1603 2601 1782 2635 Graevius
1815 2600 1892 2634 iam
1918 2611 1949 2634 a.
1973 2601 2075 2643 1669,

373 2656 404 2678 v.
434 2655 488 2688 ep.
516 2648 560 2678 59
594 2648 642 2688 (p.
671 2647 745 2690 81>=
788 2646 981 2690 ‘epistolas
1015 2647 1062 2681 ad
1095 2646 1300 2681 familiares
1333 2648 1524 2683 committo
1557 2659 1641 2683 cum
1678 2648 1820 2682 duobus
1852 2658 1927 2681 non
1965 2646 2074 2680 valde

372 2691 529 2724 vetustis
556 2691 817 2737 voluminibus,
846 2693 962 2728 altero
990 2695 1206 2738 chartaceo,
1235 2694 1350 2729 altero
1377 2694 1770 2739 membranaceo‚'qui
1794 2695 1868 2729 mei
1896 2696 1991 2728 sunt.
2038 2695 2075 2727 et

374 2749 460 2771 sane
486 2739 563 2772 fero
589 2739 750 2783 pretium
776 2742 923 2784 operae'
948 2763 990 2766 —
1011 2742 1076 2776 ubi
1105 2742 1352 2776 ‘chartaceus’
1382 2744 1439 2776 est
1458 2754 1568 2787 quem
1591 2742 1822 2777 ‘secundum'
1845 2740 2013 2786 appellat
2035 2740 2075 2774 in

375 2785 546 2829 editione,
574 2797 670 2819 nunc
697 2787 925 2822 Bao-lemnus
952 2792 1053 2823 2470.
1099 2788 1163 2823 ille
1194 2792 1279 2833 post
1305 2789 1455 2824 Graevii
1485 2792 1642 2825 mortem
1668 2792 1715 2834 (a.
1738 2790 1843 2833 1703)
1876 2799 1958 2822 cum
1989 2787 2074 2822 reli-

375 2832 455 2874 quis
492 2833 682 2867 codicibus
709 2833 926 2868 Graevianis
960 2838 1172 2880 asportatus
1205 2839 1262 2870 est
1293 2836 1331 2870 in
1362 2837 1631 2872 bibliothecam
1663 2835 1900 2871 electoralem
1925 2835 2074 2869 Dussel-

375 2878 623 2923 dorpiensem,
663 2880 749 2914 hinc
779 2881 958 2925 migravit
984 2894 1014 2917 a.
1038 2887 1128 2917 1725
1155 2883 1193 2917 in
1220 2884 1477 2918 collectionem
1503 2884 1760 2927 Harleianam,
1799 2883 1895 2916 unde
1923 2894 1955 2918 a.
1983 2885 2074 2916 1753

375 2925 578 2960 translatus
605 2930 661 2961 est
688 2928 725 2961 in
751 2939 919 2962 museum
945 2929 1201 2964 Britannicum
1227 2933 1274 2975 (v.
1297 2931 1408 2965 Clark
1434 2932 1457 2967 1.
1480 2944 1508 2967 0.
1534 2945 1569 2976 p.
1591 2935 1658 2965 238
1674 2932 1753 2974 sq.).

495 2978 528 3016 2)
556 2974 738 3017 epistulae
764 2974 936 3020 primitus
963 2977 1112 3019 quidem
1138 2977 1177 3011 in
1199 2978 1265 3012 illo
1287 2979 1413 3013 codice
1433 2991 1508 3013 non
1525 2978 1699 3012 videntur
1718 2977 1833 3012 fuisse
1854 2976 2073 3011 coniunctae

376 3030 457 3052 cuin
485 3021 616 3054 ceteris
637 3021 822 3056 Ciceronis
849 3022 1036 3066 opusculis
1060 3045 1099 3048 ξ
1122 3036 1217 3058 nova
1243 3025 1380 3071 quippe
1406 3026 1483 3060 illis
1510 3025 1682 3060 adhibita
1708 3026 1764 3059 est
1787 3024 2073 3069 quaternionum

376 3067 583 3100 numeratio
606 3089 658 3111 —,
688 3069 850 3113 antiquis
877 3071 1003 3103 tamen
1028 3070 1103 3103 iam
1130 3073 1369 3117 temporibus,
1397 3075 1439 3107 ut
1465 3084 1508 3107 ex
1529 3072 1613 3106 aliis
1634 3073 1740 3117 patet
1759 3071 1920 3115 indiciis,
1947 3071 2073 3105 omnia

376 3115 460 3145 sunt
481 3114 747 3157 conglutinata
788 3118 831 3150 de
853 3117 941 3150 fatis
963 3117 1100 3150 codicis
1120 3129 1241 3161 pauca
1262 3120 1381 3153 adhuc
1402 3122 1500 3155 nota.
1541 3120 1699 3154 donatus
1720 3119 1836 3164 igitur
1855 3121 1911 3153 est
1932 3130 1962 3154 a.
1981 3121 2072 3152 1680
